3070 4876
536 159 919 230 *803*-

241 345 379 410 Herbar.
401 345 606 410 Wlldaaouii
625 345 689 412 No.
707 341 826 410 tactu!

244 433 357 496 Sinden·
378 432 463 494 berb.
486 432 567 494 Nan.
590 432 677 494 Holt.
699 429 763 495 No.
784 429 862 495 366!

183 535 248 589 Hab.
272 537 298 584 in
316 537 405 584 Novae
421 537 569 586 llollandiae
586 549 630 586 ora
647 533 885 592 aurumi-orientali,
903 547 981 598 prope
998 533 1092 598 Sldney
1110 540 1137 584 ct
1152 533 1336 592 Pori-laciano,

113 605 203 668 Argyic
221 611 247 656 et
264 607 414 666 Paramatta,
431 606 528 668 Hdgell
553 605 653 656 Sieberl
673 613 698 654 et
717 605 741 654 in
760 605 840 654 insula
859 617 905 652 van
922 605 1034 664 Diemen,
1053 603 1335 674 Latitiarditretnert.

111 678 205 726 Bauer!
225 679 267 728 Dr.
288 679 368 733 Scott,
387 677 533 727 Lawrcncet
552 675 640 728 Gonu!
659 673 783 742 §chayerl
802 679 828 724 et
846 674 896 726 alit.
914 677 952 739 (v.
970 674 1004 741 s.)

183 760 309 832 Species,
327 761 354 814 in
372 761 442 814 locis
459 761 585 814 indicatis
596 759 795 884 vulpatissimsn
813 758 897 814 valde
914 758 1055 814 variabilis
1073 768 1124 814 est.
1160 759 1261 814 Forma
1278 761 1337 814 vul·

113 831 197 902 garis,
215 847 233 883 a
251 831 286 886 cl.
304 830 505 885 Labillardiiere
522 830 643 900 lecta‚d
664 848 678 885 e
695 847 709 886 s
731 830 873 886 eniminum
890 827 1118 897 authenticorum,
1136 831 1176 885 sic
1192 847 1222 884 se
1240 830 1336 886 habete

187 898 287 956 Gauiis
304 901 523 969 subberbaceus‚
540 903 645 969 tenuis,
663 849 771 972 pinder,
790 899 925 971 profunde
943 900 1192 968 striato-sulcatus,
1210 909 1238 954 et
1255 902 1338 972 igitur

113 970 326 1042 subaugulatus,
345 971 488 1041 volubilis,
506 971 569 1026 hluc
587 972 649 1026 inde
669 980 774 1039 tortus,
793 971 908 1094 aliispue
926 969 1027 1042 plantis
1045 969 1141 1026 vicinis
1159 979 1336 1039 sustentatus,

112 1041 273 1112 saepissime
292 1042 328 1096 ad
346 1042 464 1112 plurium
482 1042 582 1113 pedum
600 1041 769 1096 altitudinem
787 1057 853 1094 scan
874 1042 903 1109 it,
922 1041 1082 1112 plerumque
1099 1042 1216 1096 racemis
1235 1041 1336 1097 lloren·

112 1110 184 1164 tibus
208 1111 325 1182 undique
349 1121 435 1166 tectus
460 1121 509 1166 est.
546 1111 635 1168 Folia
658 1128 772 1183 sparsa,
799 1110 882 1165 valde
905 1111 1026 1178 caduca,
1070 1127 1137 1166 aare
1160 1111 1256 1182 planta
1273 1113 1336 1168 sub·

112 1180 225 1252 apbylla
249 1182 371 1251 videtur,
399 1183 478 1237 varia
502 1181 599 1238 torma
641 1181 671 1238 lu
698 1181 814 1255 plantis
835 1180 1014 1252 'inridendis
1036 1127 1197 1252 pderumque
1219 1183 1336 1252 rariora,

112 1252 310 1322 crassiuscula‚
330 1254 456 1324 utrinque
474 1252 652 1324 glaberrima,
670 1253 801 1319 linearia,
819 1251 845 1306 in
864 1250 1127 1322 petiolum'brevem
1145 1252 1267 1322 quidem,
1286 1253 1336 1310 sed

111 1321 282 1378 manifestum
312 1332 468 1392 attenuata,
498 1322 558 1378 basi
589 1323 693 1378 tumida
722 1321 884 1389 insidentia,
920 1322 971 1378 sed
1000 1322 1122 1390 minime,
1158 1330 1188 1375 ut
1216 1324 1336 1390 videtur,

112 1391 272 1464 articulata,
296 1394 375 1465 apice
400 1403 483 1448 acuta
500 1395 545 1450 vel
564 1394 679 1462 obtusa,
703 1410 790 1449 nervo
809 1391 899 1446 medio
918 1393 1014 1450 subtus
1034 1391 1189 1464 prominulo
1226 1391 1271 1444 4-6
1289 1394 1335 1450 liu.

110 1462 204 1533 longa,
221 1463 320 1518 bucam
337 1465 407 1533 lato,
426 1482 533 1518 summa
549 1465 634 1519 multo
653 1464 791 1531 breviora,
809 1461 959 1531 liliiormia,
977 1461 1172 1534 longitudinem
1190 1436 1236 1516 dd
1251 1465 1336 1520 linea·

111 1549 172 1592 rum
196 1535 242 1588 vix
268 1534 442 1601 excedentia3
467 1537 494 1590 in
519 1535 634 1608 plantis
651 1536 803 1607 aurilionis
821 1531 888 1588 lolia
905 1534 1066 1604 plerumque
1083 1533 1203 1602 ma'ora,
1226 1534 1335 1591 lanceo-

111 1603 182 1671 lata,
203 1601 448 1676 l·l¹l,-pollicaria‚
467 1603 514 1656 Μ
533 1606 578 1660 lin.
596 1605 663 1674 lata,
681 1621 768 1660 nervo
787 1602 883 1661 subtus
900 1603 984 1658 valde
1002 1605 1126 1674 prominu
1140 1623 1166 1673 o,
1185 1615 1216 1660 et
1230 1607 1335 1676 petiolo

110 1672 285 1744 utplurimum
307 1675 430 1747 longiore
448 1676 582 1730 instructa
600 1683 671 1729 sunt
707 1674 837 1729 Raccrnl
854 1673 1049 1758 copiosissimi,
1073 1675 1273 1746 approximati‚
1296 1677 1335 1730 la·

110 1743 220 1814 ierales,
240 1745 379 1815 exiliores,
397 1746 514 1800 solitarii
531 1746 577 1800 vel
595 1761 660 1800 raro
680 1745 787 1828 gemini,
805 1743 943 1814 simplices
961 1743 1007 1798 rel
1024 1743 1084 1798 basi
1102 1744 1237 1800 ramulum
1254 1762 1336 1802 nutum

110 1813 262 1870 alterumve
281 1817 448 1885 emittentes,
471 1814 608 1878 inalbari,
632 1815 692 1870 basi
709 1814 787 1882 nudi,
810 1829 908 1868 versus
926 1813 1043 1868 medium
1061 1813 1178 1869 iloribus
1196 1811 1258 1866 b-it
1277 1817 1336 1870 sive

110 1885 191 1938 etiam
215 1885 339 1956 pluribus
366 1887 471 1955 onusti,
498 1883 712 1958 l·3-polllcares.
748 1883 854 1940 Floras
876 1884 904 1936 in
922 1884 1081 1957 particellis
1105 1881 1150 1936 ti
1173 1885 1218 1940 liu.
1238 1885 1335 1957 longis,

110 1955 220 2026 patulis.
257 1955 408 2012 Braateae
430 1955 446 2008 3
470 1959 712 2023 membranaceae,
739 1956 873 2023 minutae,
899 1954 983 2010 valde
1007 1955 1148 2024 caducas,
1175 1955 1336 2012 intermedia

110 2034 212 2093 ovata,
239 2026 409 2095 naviculari,
437 2027 597 2082 lateralibus
624 2025 709 2080 multo
735 2025 854 2094 latiore,
882 2023 931 2078 sed
955 2025 1062 2080 nonnisi
1084 2025 1179 2097 paullo
1201 2026 1335 2098 longiore.

111 2092 136 2149 S
175 2095 227 2149 ala
245 2103 371 2152 caterua
389 2096 405 2148 3
423 2097 534 2165 minuta,
553 2105 646 2165 ovata,
663 2095 746 2150 valde
762 2096 871 2163 obtusa,
888 2094 1107 2164 membranacea,
1124 2097 1259 2152 interdum
1271 2098 1336 2153 sub·

111 2181 145 2218 co
158 2172 247 2233 orata,
259 2167 359 2221 lineam
377 2165 434 2220 iere
451 2167 541 2238 longa.
569 2166 645 2221 Alae
658 2164 760 2238 pallide
773 2165 928 2234 caeruleae,
947 2166 1096 2235 obovatae‚
1114 2165 1197 2222 valde
1210 2168 1335 2234 obtusae,

61 2263 63 2268 ·
109 2234 170 2288 basi
188 2233 304 2306 abrupte
321 2237 349 2290 in
368 2254 484 2308 unguem
503 2245 674 2308 angustatae,
693 2237 709 2287 3
727 2237 773 2292 liu.
791 2237 901 2307 longae,
920 2233 937 2286 ‘2
955 2235 1000 2292 lin.
1019 2237 1103 2304 latae,
1122 2255 1211 2360 unglue
1227 2235 1335 2306 ³l4-l¹s,-

109 2305 223 2372 lineari,
248 2307 341 2360 carina
359 2307 470 2378 dimidio
496 2306 553 2362 iere
577 2307 724 2378 longiores.
765 2306 877 2362 carim
894 2305 977 2362 valde
1001 2305 1149 2378 peculiaris
1180 2307 1284 2376 abac,
1309 2317 1336 2364 ct

109 2375 227 2429 cacteris
245 2375 326 2447 hujus
345 2377 511 2450 paragraphi
530 2379 689 2450 speciebus,
714 2396 731 2432 a
749 2375 837 2432 forms
855 2376 1076 2449 praecedentium
1094 2377 1177 2434 valde
1195 2377 1334 2434 abhorret.

109 2441 180 2499 Basi
203 2445 310 2514 albida,
334 2465 432 2503 versus
450 2449 556 2520 apicem
574 2458 696 2506 saturata
714 2448 872 2504 coeruleum
890 2447 973 2504 valde
991 2459 1123 2520 pronata,
1146 2458 1225 2520 parte
1244 2449 1336 2504 antica

109 2515 205 2570 clausa
227 2518 389 2586 rotundata,
414 2528 492 2589 parte
516 2521 625 2590 postica
646 2518 715 2576 fissa
737 2528 878 2587 truncata,
902 2518 1034 2574 lateribus
1058 2521 1184 2589 utrinque
1203 2519 1334 2591 appendi·

109 2586 172 2640 culo
191 2585 344 2642 dentilormi
370 2590 470 2644 obtuso
514 2598 624 2644 orrecto
648 2591 707 2644 sive
731 2595 825 2644 erecto
848 2597 946 2657 aucta,
970 2589 1089 2660 ideoque
1112 2605 1211 2644 revera
1232 2589 1335 2645 triloba

109 2665 165 2725 est,
183 2659 285 2729 stylum
304 2669 332 2714 et
349 2660 478 2732 genitalia
495 2660 648 2715 includens.
684 2659 796 2715 Patala
810 2665 930 2732 pmtica
948 2667 1055 2728 erecta,
1077 2659 1205 2728 linearia,
1224 2659 1334 2730 obtusa,

108 2726 210 2796 libera,
234 2730 252 2782 i.
272 2745 295 2784 e.
318 2742 398 2801 parte
422 2733 564 2803 superiore
590 2731 683 2803 paullo
706 2749 724 2784 a
742 2731 837 2785 carina
854 2740 975 2798 remota,
1000 2748 1050 2787 nec
1069 2731 1104 2786 ab
1122 2730 1182 2801 ejus
1200 2732 1334 2788 lateribus

108 2797 292 2865 circumdata,
316 2818 413 2856 versus
436 2803 541 2872 apicem
565 2801 760 2870 flavescentia,
781 2801 842 2855 basi
860 2800 951 2859 medio
973 2810 1052 2857 tenus
1071 2800 1213 2858 manifeste
1232 2802 1334 2858 ciliata.

112 2865 210 2923 Tabas
226 2876 390 2928 stamineas
407 2889 493 2943 supra
510 2872 629 2927 medinm
646 2870 745 2940 fissus,
768 2870 889 2926 breviter
908 2871 1087 2993 diadelpbus,
1106 2873 1228 2944 margine
1245 2873 1333 2927 libero

107 2938 277 3010 longiuscule
297 2942 420 3006 ciliatus,
440 2943 567 3010 utrinque
584 2940 725 2994 filamenta
743 2941 759 2990 i
776 2941 880 3008 libera,
903 2939 963 2993 basi
982 2943 1169 3011 paniuscula,
1188 2943 1268 3013 apice
1287 2960 1334 2998 an·

107 3007 238 3062 therilera
263 3011 397 3066 emittenst
440 3009 544 3080 Slplus
568 3027 756 3080 compressus,
783 3025 880 3062 versus
905 3009 1023 3064 medium
1065 3012 1228 3078 calculatos,
1255 3013 1334 3084 apice

107 3081 445 3149 truncato-emarginatus,
470 3081 528 3134 sive
546 3081 570 3133 si
588 3079 717 3148 mavelis‚
739 3079 860 3134 breviter
878 3077 1001 3148 bilobus,
1025 3029 1091 3135 logbo
1110 3082 1253 3152 superiore
1269 3099 1334 3153 por·

108 3154 202 3216 recto,
225 3149 412 3216 acutiuscnlo,
437 3147 564 3203 interiora
583 3165 715 3216 recurvo,
734 3148 850 3217 obtuso,
870 3148 1057 3220 stigmatilcro.
1099 3151 1138 3206 Ca
1161 3151 1260 3207 salam
1277 3169 1334 3206 ma·

108 3227 198 3272 turam
223 3234 278 3271 non
296 3219 369 3286 vidi,
392 3218 442 3274 sed
461 3237 495 3274 ex
518 3219 597 3275 icone
615 3218 865 3274 Labillardibriauo
886 3238 903 3274 a
928 3217 1016 3274 iorma
1033 3220 1142 3294 vulgari
1158 3223 1207 3277 vix
1225 3221 1333 3277 dili'erre

107 3287 225 3342 videtur.
262 3287 396 3354 Sannina,
415 3297 485 3345 teste
503 3290 600 3344 eodem
619 3299 745 3356 auctore,
762 3307 818 3344 non
837 3291 1023 3346 carunculam.

179 3355 311 3413 Occurrit
326 3361 463 3415 varietas:

234 3483 271 3560 β)
293 3489 518 3546 micramtha
543 3479 661 3560 Steetz,
675 3482 799 3546 floribus
813 3483 904 3565 duplo
920 3484 986 3548 iere
1000 3483 1171 3570 minoribus,
1187 3483 1332 3548 racemis-

108 3583 167 3650 qne
187 3567 396 3650 brevioribus,
419 3569 484 3632 fero
506 3586 628 3650 semper
649 3570 788 3647 geminis.

176 3685 242 3738 Hsb.
261 3685 286 3734 in
305 3685 384 3734 issula
400 3684 582 3744 saulitarum,
601 3686 685 3736 Gnnnl
703 3685 826 3748 Schayer!
845 3687 881 3749 (v.
898 3685 931 3748 s.)

177 3777 208 3832 lu
231 3779 284 3833 hac
302 3779 437 3834 varietate
462 3782 530 3835 alac
550 3777 630 3848 l¹l2-‘i
652 3779 697 3836 lin.
716 3781 816 3852 longae
834 3785 972 3836 carinam
989 3783 1097 3838 nonnisi
1115 3781 1265 3854 paullulum
1284 3801 1331 3838 ex·

108 3847 223 3915 cedunt,
247 3859 275 3903 et
291 3853 408 3904 racemi
428 3865 537 3922 semper
561 3849 618 3905 iere
641 3852 738 3922 gemini
763 3859 926 3920 occurrunt,
953 3852 1041 3907 altero
1059 3852 1218 3926 plerumque
1236 3853 1331 3926 paullo

106 3916 243 3970 breviore.
278 3918 366 3974 Aliam
389 3918 568 3976 differentiam
592 3937 649 3976 non
674 3921 781 3989 detexi,
806 3927 833 3976 et
857 3919 961 3976 formas
982 3923 1157 3978 intermedias
1178 3939 1232 3978 non
1250 3941 1331 3980 raras

108 3986 179 4051 vidl3
202 3993 318 4043 racemi
333 3990 402 4044 enim
426 3991 525 4060 gemini
548 3990 611 4045 binb
629 3991 692 4046 inde
709 3993 736 4044 ln
754 3990 843 4045 torma
861 3991 1003 4064 primaria,
1029 4004 1056 4050 et
1073 3999 1190 4050 racemi
1205 3994 1331 4065 solitarii,

107 4071 173 4110 raro
191 4056 315 4126 quidem,
333 4059 360 4112 in
377 4063 511 4117 varietate
530 4063 711 4134 reperiuntur.

108 4193 159 4260 13.
192 4188 532 4283 nomesperma
551 4201 822 4272 tortuosum
846 4201 964 4265 Steetz.

192 4297 230 4365 G.
252 4297 422 4385 glabrum,
447 4299 538 4368 foliis
564 4304 697 4388 sparsis
721 4303 903 4370 ducatibus
924 4303 1162 4371 obtusinscrdis
1183 4301 1259 4368 basi
1279 4310 1328 4364 at·

105 4385 249 4450 tenuatis
276 4385 424 4471 margine
449 4385 575 4470 planis,
603 4390 746 4458 racemis
767 4389 916 4472 plurimis
939 4390 1105 4475 elongatis
1126 4385 1329 4453 erectiusen·
