3108 4900
775 179 811 226 ll'

187 336 239 400 dis
261 356 328 400 non
350 337 575 416 interfuisset,
598 359 699 422 quam
725 339 868 404 maxime
897 341 983 404 inter
1013 361 1050 404 se
1077 350 1286 425 permutatos
1319 361 1408 420 esse,

187 468 266 533 illos
290 489 432 553 prorsus
455 471 607 537 omittere
629 472 743 545 malui,
768 493 867 558 quam
891 475 1169 557 gravissimorum
1192 495 1347 539 errorum
1361 478 1408 540 in·

187 605 276 668 vitus
300 615 419 669 auctor
441 605 523 669 fieri.
568 607 644 680 Quo
661 609 768 693 major
790 628 874 671 cura
897 622 929 675 et
953 610 1125 696 diligentia
1147 610 1180 672 in
1203 610 1408 676 siccatorum

187 737 377 823 plantarum
398 740 527 806 indices
560 743 712 826 impensa
741 754 809 822 est,
844 764 885 807 eo
919 744 1028 828 major
1054 764 1136 827 spes
1165 757 1238 824 est,
1266 745 1320 824 iis,
1353 745 1408 829 qui

188 874 268 940 illas
290 853 426 960 plantas
447 877 635 960 possident,
659 897 702 940 ex
723 876 777 943 his
799 877 966 942 indicibus
988 874 1080 942 haud
1102 899 1245 963 parvum
1265 878 1409 943 fructum

189 1030 267 1074 esse
294 1010 561 1074 redundatru‘um.

273 1143 508 1210 Libentissime
532 1157 729 1210 autemnon
752 1149 862 1215 solum
883 1168 992 1212 novas
1016 1147 1168 1231 species,
1197 1168 1284 1232 quae
1307 1148 1409 1212 Meis·

189 1299 284 1357 nero,
305 1278 495 1363 professori
518 1280 748 1362 celeberrimo,
772 1303 814 1345 ex
838 1303 904 1366 quo
926 1281 1021 1365 prius
1044 1280 1145 1366 hujus
1161 1279 1239 1346 libri
1254 1281 1410 1346 volumen

190 1414 362 1497 apparuit,
386 1435 405 1476 e
429 1414 563 1480 familiis
586 1419 693 1482 abeo
716 1428 783 1482 tam
806 1416 943 1500 egregie
965 1415 1119 1480 tractatis
1148 1435 1190 1478 ex
1216 1416 1411 1499 regionibus

191 1568 211 1609 a
241 1547 392 1612 Preissio
427 1549 643 1634 perlustratis
674 1563 912 1630 accesserunt,
952 1552 1038 1614 inter
1080 1549 1343 1628 „Additamenta
1381 1560 1412 1612 et

190 1682 479 1747 Emendationes“
511 1684 658 1767 protuli;
691 1685 876 1751 sedetiam
898 1687 942 1750 ab
969 1687 1088 1750 eodem
1114 1684 1188 1749 viro
1217 1683 1412 1748 doctissimo

191 1818 328 1902 plantis,
351 1839 436 1902 quas
454 1818 703 1903 descripserat,
726 1819 856 1883 numeri
885 1820 917 1882 in
942 1819 1094 1884 secunda
1117 1830 1150 1884 et
1171 1818 1270 1883 tertia
1287 1816 1413 1882 collec-

190 1955 282 2032 tione
321 1919 607 2016 Drummondiana
646 1953 789 2039 aliisque
818 1955 852 2017 in
880 1953 968 2019 locis
997 1954 1081 2039 ipsis
1108 1953 1270 2043 appositi,
1302 1951 1413 2034 quoad
1484 1968 1486 1987 ¹

193 2087 402 2172 exemplaria
425 2088 556 2173 copiam
578 2086 759 2169 faciebant,
782 2088 929 2174 suppleti
952 2099 1039 2155 sunt.

274 2225 347 2288 Nec
369 2222 523 2309 prolecto
547 2189 678 2305 diffido,
705 2225 792 2289 haec
815 2225 972 2288 addenda
994 2235 1095 2307 atque
1117 2243 1174 2300 ea,
1203 2241 1290 2304 quae
1311 2238 1416 2304 pecu-

191 2359 320 2424 liariter
343 2359 471 2443 soripta
486 2369 564 2423 sunt
586 2360 627 2422 de
642 2359 741 2423 trium
755 2358 958 2423 familiarum
973 2359 1157 2441 generibus
1173 2368 1206 2420 et
1221 2354 1415 2439 speciebus,

193 2512 415 2576 quaecunque
439 2490 570 2558 adhoc
592 2513 701 2576 usque
724 2504 855 2576 tempus
879 2513 922 2556 cx
944 2491 1013 2558 illis
1041 2492 1236 2576 regionibus
1262 2488 1417 2554 innotue-

179 2611 281 2705 runt,
303 2627 335 2688 in
351 2626 593 2711 „Appcndicc“
616 2627 716 2706 edita,
738 2603 927 2693 hominibus
943 2625 1009 2692 hoc
1024 2628 1057 2692 iu
1073 2626 1185 2692 studio
1200 2623 1418 2689 versantibus
1487 2595 1493 2673 l

192 2760 370 2846 profutura
393 2781 480 2825 esse.
526 2761 656 2834 Quodsi
678 2762 766 2827 forte
788 2733 873 2826 mthl
890 2762 1076 2846 contingat,
1105 2773 1141 2825 ut
1169 2744 1323 2844 integrae
1346 2757 1418 2822 col·

192 2897 359 2963 lectiones
382 2897 525 2960 omnium
546 2895 905 2962 Drummondianarum
918 2896 1110 2981 plantarum
1131 2897 1165 2959 in
1187 2915 1306 2959 manus
1322 2913 1419 2957 meas
1495 2973 1496 2994 ,

114 3001 116 3006 V
191 3033 406 3118 perveniant,
434 3031 498 3098 has
523 3053 598 3095 eum
621 3031 827 3096 Preissianis
851 3045 1013 3096 accurate
1031 3033 1248 3115 comparabo,
1270 3049 1419 3092 necnon
1494 3037 1497 3146 ἶ

193 3168 464 3233 observationum
486 3189 634 3233 mearum
657 3187 819 3232 summam
841 3168 919 3232 loco
935 3167 1057 3231 idoneo
1078 3165 1214 3251 publice
1241 3183 1419 3248 exponam.

280 3318 411 3384 Dabam
434 3319 619 3404 Hamburgi
640 3340 757 3384 mense
780 3320 962 3384 Novembri
984 3315 1274 3382 MDCCCXLVll.

1500 3427 1502 3486 l

876 3573 933 3642 J.
961 3573 1017 3644 a.
1044 3573 1088 3642 0.
1113 3572 1378 3642 Lehmann.
