3070 4876
620 243 1011 312 ......300......

210 432 240 499 8.
295 425 635 514 comesperma
655 427 840 498 flavum
860 429 931 492 110.

297 530 334 599 C.
357 531 526 617 glabrum,
554 529 645 596 foliis
668 528 829 597 consertis
851 530 1204 614 elongato-linearibus
1225 529 1438 595 obtusinscu·

209 619 253 684 lis
285 617 494 683 subenerviis
520 617 668 701 margine
696 615 995 701 planisssiloribns
1022 616 1296 702 subcorymbosis
1322 614 1436 693 ssavis,

209 703 385 791 pedicellis
412 701 517 769 flores
542 703 856 786 subsuperantibus,
881 702 1029 769 bracteis
1049 703 1179 768 minutis
1201 703 1307 766 acutis
1335 702 1436 767 inter·

208 793 318 859 media
338 788 531 855 lateralibus
554 787 655 872 duplo
676 787 840 873 longiore,
862 787 950 874 stylo
973 787 1071 872 apice
1093 786 1289 854 brevissime
1309 787 1435 867 bilobo,

209 877 389 946 seminibus
411 873 593 940 caruncula
614 875 786 939 destitutis.

340 974 561 1055 Oomcsperma
582 977 676 1054 flava
699 969 777 1038 DC!
804 973 917 1054 prodr.
944 970 982 1035 Τ.
1011 971 1039 1035 l.
1068 993 1101 1055 p.
1123 971 1197 1037 334.
1223 969 1287 1038 Νο.
1309 973 1339 1036 5.
1368 972 1435 1034 De·

294 1063 431 1124 leseortl
472 1058 561 1124 lcon.
584 1057 646 1124 sel.
668 1056 770 1140 plant.
793 1057 831 1121 T.
853 1058 883 1122 3.
905 1079 939 1141 p.
964 1059 1014 1124 lt.
1036 1059 1103 1122 tab.
1125 1058 1178 1122 20.

278 1165 342 1216 nab.
361 1164 386 1212 in
404 1163 492 1212 Novae
504 1163 651 1211 Hollandiae
668 1177 713 1211 ora
731 1163 845 1212 orientali
858 1161 918 1226 (l),
937 1167 1002 1212 teste
1021 1164 1051 1214 cl.
1065 1164 1096 1212 de
1108 1163 1186 1212 Gand.
1203 1163 1219 1211 l.
1234 1177 1256 1212 c.
1273 1162 1434 1213 Lccbenault.

208 1235 283 1286 Ferd.
301 1232 395 1283 Bauer!
425 1235 452 1282 In
470 1247 513 1282 ora
531 1234 805 1294 australi-occidentali,
823 1235 856 1282 ad
873 1235 951 1284 sinum
969 1234 1035 1296 regia
1053 1235 1156 1296 Georgii
1173 1233 1215 1287 111.
1233 1232 1329 1296 Erigel!
1349 1231 1386 1297 (v.
1399 1231 1435 1298 s.)

278 1319 425 1404 Specimen
454 1316 638 1372 authenticum
667 1316 747 1389 hujus
771 1319 874 1390 speclei
897 1319 1007 1388 quidem
1030 1335 1085 1372 non
1108 1318 1179 1382 ridi3
1209 1317 1259 1373 sed
1282 1318 1436 1389 specimina

207 1389 368 1445 Bauerrana
386 1398 414 1444 et
430 1387 612 1459 Hdgeliannm
629 1387 684 1442 hoc
702 1389 753 1444 sub
771 1391 879 1444 nomine
896 1391 923 1444 in
942 1388 1070 1443 herbario
1088 1389 1212 1459 palatino
1226 1389 1435 1444 vindobonensi

207 1467 353 1516 asservata
369 1459 424 1513 huc
441 1460 588 1529 pertinere,
607 1469 686 1514 extra
698 1477 778 1516 omne
790 1460 901 1514 dubium
920 1459 984 1513 milri
996 1459 1115 1527 videtur,
1134 1461 1260 1528 quoniam
1274 1477 1335 1514 cnm
1351 1461 1435 1513 icone

208 1531 242 1586 cl.
260 1531 404 1585 Delassert
421 1530 491 1584 bene
510 1531 688 1598 conveniunt,
707 1534 829 1602 exceptis
843 1531 1010 1604 pedicellis,
1030 1529 1075 1599 qui
1094 1529 1120 1583 in
1138 1530 1341 1600 speciminibus,
1360 1546 1434 1600 qnae

207 1601 274 1670 vidi,
292 1600 388 1672 paullo
405 1600 547 1655 breviores
566 1609 637 1668 sunt,
657 1609 684 1654 et
701 1601 789 1657 lineas
806 1600 823 1651 2
841 1603 889 1656 vix
909 1600 1053 1668 excedunt,
1072 1607 1154 1668 atque
1168 1601 1282 1686 petalis
1294 1605 1433 1673 posttea,
1459 1604 1462 1610 '

207 1689 278 1742 quae
301 1688 356 1726 non
396 1671 558 1735 laberrima,
582 1671 633 1726 sed
656 1689 673 1725 a
696 1672 757 1727 basi
780 1672 870 1727 medio
892 1679 971 1725 tenus
988 1671 1108 1742 margine
1127 1671 1224 1725 leviter
1242 1671 1365 1726 ciliolata
1383 1671 1434 1725 ob·

206 1743 325 1800 servavi.
367 1689 514 1799 ductarum
540 1739 631 1812 ligura
657 1741 778 1812 plantam
805 1744 908 1814 optime
934 1740 1033 1809 relect,
1059 1758 1144 1811 quare
1170 1741 1208 1794 nil
1236 1741 1352 1810 addam,
1379 1742 1434 1796 nisi

206 1813 349 1887 capsulae
367 1812 593 1883 descriptionem,
612 1828 682 1881 qnae
700 1814 728 1866 in
744 1814 824 1867 icone
842 1812 1028 1880 desideratur,
1047 1820 1074 1865 et
1092 1829 1182 1882 pauca
1199 1811 1284 1867 haec:
1501 1867 1502 1876 ,

276 1883 381 1938 Floras
402 1899 457 1936 non
476 1899 542 1936 vere
561 1883 719 1953 corymbosi
741 1891 820 1951 sunt,
844 1883 892 1937 sed
918 1884 991 1938 utin
1014 1881 1251 1955 Comespermute
1267 1889 1368 1938 retuso
1387 1899 1433 1936 ra·
1501 1879 1502 1890 ¹

205 1971 310 2009 ceruum
328 1951 517 2007 abbreviatum
535 1953 593 2006 sive
612 1961 792 2022 contractum,
809 1952 856 2006 vix
875 1953 1112 2024 semipollicarem‚
1129 1952 1212 2006 valde
1231 1953 1357 2007 obtusum
1376 1950 1435 2007 for·

96 2081 101 2090 ,
204 2033 287 2078 ruant.
323 2023 480 2094 specimina
502 2029 598 2077 nostra
615 2039 713 2078 versus
731 2023 837 2094 apicem
860 2023 887 2077 in
911 2023 1043 2094 plurimos
1061 2040 1163 2077 ramos
1179 2022 1293 2092 breves,
1315 2024 1434 2078 racemi-

204 2094 293 2162 feros,
314 2093 425 2165 parcius
449 2091 576 2161 loliatus,
599 2092 688 2147 divisa
706 2103 776 2148 sunt.
813 2092 902 2148 Folia
921 2093 1029 2148 omnino
1048 2091 1105 2148 lere
1124 2095 1249 2162 enervia,
1272 2094 1434 2162 carnosula,

204 2165 301 2220 subtus
329 2163 505 2231 concoloria,
532 2163 653 2234 margine
698 2162 764 2218 lana
790 2172 861 2218 sunt.
898 2162 1002 2218 Floras
1025 2159 1104 2234 22¹),
1125 2162 1171 2216 lin.
1192 2163 1278 2235 longi.
1319 2164 1436 2220 Οανίηα

226 2235 307 2291 atala
320 2239 441 2308 postica
465 2233 597 2288 lateribus
622 2183 802 2304 amplectitur.
841 2232 973 2307 Capsula
996 2233 1107 2304 glabra,
1132 2234 1306 2304 spathulata,
1329 2235 1435 2289 sensim

203 2324 231 2360 rn
249 2305 368 2378 stipitem
381 2311 536 2376 angustata,
555 2302 629 2359 liin.
648 2305 740 2376 longa,
759 2305 838 2375 apice
857 2304 982 2373 utrinque
994 2305 1041 2359 ala
1058 2305 1226 2376 triangulari,
1245 2305 1437 2376 obtusangula

203 2387 300 2445 aucta,
323 2376 423 2431 lineam
444 2373 503 2430 lere
527 2376 598 2443 lata,
623 2374 817 2442 subtruncata,
839 2373 981 2440 levissime,
995 2377 1172 2447 emarginata.
1209 2375 1318 2430 Setaea
1339 2376 1436 2431 lineae

202 2445 386 2518 longitudine,
410 2445 583 2516 nigrescens,
606 2445 775 2517 pubescens,
793 2461 873 2499 coma
890 2447 1009 2516 sericea,
1031 2447 1116 2520 longa
1134 2447 1243 2501 omnino
1262 2453 1380 2510 tectum,
1405 2455 1437 2502 et

202 2517 351 2594 caruncula
367 2515 450 2588 plana
468 2515 633 2570 destitutum.

201 2655 233 2720 9.
287 2653 629 2740 comesnerma
648 2656 1029 2742 xanthocarpum
1053 2656 1194 2720 standai.

287 2753 325 2822 Ο.
346 2754 514 2841 glabrum,
541 2753 631 2822 loliis
652 2754 815 2823 confertis
836 2756 1191 2844 elongato-linearibus
1212 2755 1435 2824 acutiuscnlis

200 2841 409 2907 subenerviis
434 2841 584 2927 margine
613 2852 706 2908 arcte
732 2842 910 2922 revolutis,
936 2841 1076 2910 floribus
1102 2842 1287 2908 racemosis
1315 2840 1433 2922 flavis,

200 2925 376 3012 pedicellis
413 2925 518 2993 flores
555 2928 855 3076 subaerluantibns,
893 2929 1041 2995 bracteis
1072 2928 1204 2993 minutis
1235 2928 1342 2993 acutis
1377 2928 1432 2992 in-

199 3013 360 3079 termedia
384 3011 580 3079 lateralibus
603 3015 703 3097 dupo
731 3013 900 3098 longiore,
927 3015 1015 3102 stylo
1038 3015 1135 3100 apice
1158 3014 1353 3080 brevissime
1376 3015 1431 3079 bi-

198 3097 294 3177 lobo‚
316 3097 495 3167 seminibus
517 3099 699 3165 caruncula
720 3099 895 3166 destitutis.
1259 3105 1264 3116 '

330 3201 552 3285 Gomeepcrma
570 3206 792 3287 auatbocarpa
813 3201 969 3269 Steudel!
991 3202 1024 3267 in
1045 3201 1161 3269 Lehm.
1176 3200 1282 3268 Plant
1295 3200 1429 3270 Praise.

283 3284 321 3351 T.
345 3287 373 3356 l.
394 3308 429 3371 p.
451 3287 525 3352 209.
545 3288 607 3353 No.
631 3288 680 3352 ll.

329 3373 551 3456 Comesperma
564 3377 658 3452 flava
678 3370 791 3437 lindi!
813 3373 846 3437 in
866 3371 981 3436 Enum.
1003 3371 1048 3458 pl.
1063 3371 1183 3460 Hr'igel.
1198 3393 1231 3458 p.
1247 3373 1278 3439 7.
1292 3371 1356 3437 No.
1372 3373 1429 3436 21.

284 3455 366 3541 (fide
388 3457 579 3540 speciminis
601 3457 812 3539 authenticil)

267 3563 332 3613 Bab.
357 3563 383 3610 in
400 3563 488 3613 Novae
505 3563 653 3612 Hollandiae
678 3577 724 3612 ora
746 3565 1023 3620 australi-occidentali,
1047 3565 1073 3612 in
1096 3565 1149 3614 solo
1167 3562 1429 3614 subterfusa-arenoso

198 3647 273 3696 prope
297 3633 438 3695 oppidulum
454 3633 544 3692 Perti,
569 3633 593 3684 d.
616 3628 655 3685 15.
674 3635 743 3697 April
763 3629 844 3693 1839,
871 3635 967 3685 Praise!
993 3635 1080 3700 (Herb.
1099 3635 1190 3683 Preion.
1208 3633 1257 3680 Nc.
1275 3626 1376 3696 23681)
1395 3635 1430 3684 ad

197 3704 283 3752 tlumen
303 3705 471 3762 swan-Rirer,
490 3704 583 3765 Edgel!
601 3704 759 3754 Drummond!
779 3706 882 3758 collect.
901 3701 926 3759 2.
945 3707 994 3757 No.
1012 3699 1076 3753 490!
1095 3701 1130 3767 (v.
1149 3701 1183 3768 ι.)

266 3787 399 3842 Proxime
423 3788 461 3842 ad
482 3789 602 3860 speciem
621 3789 827 3844 antecedentem
845 3789 995 3857 accedens,
1021 3788 1058 3842 nil
1076 3785 1169 3841 lorsan
1188 3787 1239 3840 nisi
1257 3785 1316 3857 ejus
1334 3789 1429 3844 varie·

196 3866 280 3912 tatem
299 3857 425 3927 exbibet,
444 3875 530 3928 qnare
547 3859 673 3915 lubenter
691 3859 835 3928 confiteor,
853 3877 897 3914 me
915 3876 998 3930 aegre
1017 3866 1047 3911 ut
1064 3857 1205 3928 propriam
1223 3859 1344 3928 speciem
1363 3877 1429 3914 earn

196 3928 241 3982 hic
259 3929 408 4000 recepisse.
444 3931 582 3998 Attamen,
601 3947 684 3999 qrrunr
697 3929 756 4001 jam
775 3949 792 3985 a
811 3931 844 3985 cl.
858 3930 971 3984 Stendel
990 3928 1104 4000 proprio
1122 3929 1230 3982 nomine
1250 3929 1430 4001 promulgata

196 3999 240 4069 sit,
260 4009 287 4054 et
304 3998 428 4054 habitum
446 4000 541 4071 paullo
556 4017 617 4055 esse
631 4001 769 4056 diversum
787 4002 882 4072 negari
899 4017 954 4053 non
972 3999 1069 4070 possit,
1089 3997 1214 4067 equidem
1232 3998 1330 4052 tollere
1347 4001 1429 4054 nolui

196 4071 330 4154 speciem,
355 4068 434 4140 cujus
453 4069 621 4125 differentiae
643 4070 719 4126 leves
743 4069 980 4126 observationibus
1005 4069 1180 4123 ulterioribus
1197 4070 1224 4123 in
1242 4070 1333 4140 patria
1350 4070 1428 4142 ipsa,

196 4157 254 4194 srva
272 4141 300 4194 in
317 4140 413 4213 planta
432 4141 506 4194 culta
522 4140 709 4210 instituendis,
729 4159 794 4196 mox
813 4142 908 4196 forsan
926 4147 1106 4207 evanescent,
1125 4140 1199 4209 quod
1217 4157 1251 4194 eo
1270 4141 1356 4210 magis
1376 4158 1428 4195 ve·

196 4226 276 4276 reor,
302 4226 357 4281 quo
376 4211 462 4282 magis
485 4210 590 4266 formae
607 4211 783 4269 intermediae
796 4211 856 4283 jem
874 4212 900 4266 in
919 4210 1220 4282 exemplaribussiccis
1239 4209 1339 4266 obviae
1357 4211 1427 4265 mibi

196 4279 312 4336 inerunt.
348 4279 525 4336 Differentias
542 4281 599 4336 vidi
616 4280 682 4336 iras:

267 4350 340 4406 'l'ota
362 4352 457 4423 planta
477 4351 605 4423 gracilior
624 4362 673 4407 est.
710 4354 798 4410 Folia
817 4353 976 4424 plerumque
995 4353 1134 4420 acutiora,
1160 4361 1187 4406 et
1206 4351 1326 4422 margine
1345 4361 1428 4407 arcte

196 4423 332 4490 revoluta,
350 4424 511 4494 praesertim
530 4439 627 4478 versus
645 4425 749 4495 apicem
766 4422 917 4479 subteretia
934 4433 1004 4480 sunt.
1041 4426 1097 4488 (An
1116 4421 1169 4477 hoc
1182 4423 1263 4478 etiam
1281 4423 1307 4476 in
1326 4422 1428 4493 planta

196 4495 262 4550 viva
288 4495 394 4567 signum
422 4493 584 4563 constansi)
628 4493 794 4561 Racemua,
822 4495 945 4565 qrramris
974 4503 1131 4551 contractus
1159 4495 1284 4564 quidem,
1311 4508 1428 4564 sempor
