3070 4876
539 191 652 268 '-2
704 209 780 282 eu
833 255 935 268 ...-

131 395 275 460 bracteis
295 393 491 462 lateralibus
512 395 642 460 minutis
668 395 863 462 intermedia
883 395 1036 480 longiore
1058 395 1136 480 plus
1157 397 1260 483 dupio
1280 401 1356 466 bre·

129 480 293 558 rioribus,
315 480 403 547 lobis
425 479 532 566 sepeli
554 482 654 545 antici
676 480 906 560 acutiusouiis‚
928 481 1043 546 carina
1064 483 1097 548 in
1120 483 1216 568 apice
1239 484 1355 552 clauso

130 564 273 650 gibboso
294 565 359 630 alis
381 564 654 652 subaequilonga.

262 667 483 750 Gorrresperma
498 672 625 731 aemulo
647 668 801 735 Steudel!
824 669 858 734 in
872 667 985 736 Lebm.
1002 665 1108 732 Plani.
1124 666 1249 735 Preiss.
1272 669 1311 740 T.
1328 672 1355 736 l.

215 771 294 835 pag.
317 752 389 818 208.
411 751 473 818 No.
495 755 524 816 o.

199 857 265 904 Hab.
282 856 307 904 iu
325 857 412 906 Norae
430 857 577 906 Hellanrllae
595 873 639 907 cra
656 857 928 914 australi-occidentali,
948 860 972 908 ln
992 859 1103 908 arenosis
1116 858 1243 908 ‹listrictus
1256 861 1356 918 Sortes,

129 928 153 978 rl.
175 922 216 979 19.
235 927 361 976 Decembr.
383 923 449 977 1839
467 929 516 990 leg.
535 929 566 977 cl.
586 929 675 986 Preion.
695 929 784 994 (lietb.
802 930 894 980 Proin.
913 930 960 980 No.
978 923 1075 994 ltili)
1095 943 1117 981 v.
1137 945 1157 978 e.

199 1011 331 1084 Proxime
348 1013 457 1082 quidem
480 1012 617 1068 accedeus
641 1013 677 1068 ad
702 1014 823 1085 speciem
845 1011 1073 1086 praecedentem,
1097 1011 1161 1067 mibi
1180 1023 1268 1070 minen
1287 1014 1357 1068 bene

129 1069 257 1136 diutinae
275 1081 392 1136 videtur.
429 1081 529 1138 Differt
547 1084 616 1139 enlm
635 1084 708 1138 notis
727 1083 786 1137 bis:

199 1151 272 1205 Tota
294 1151 391 1223 planta
414 1152 499 1207 multo
524 1154 654 1225 gracilior
677 1161 727 1208 est.
764 1152 854 1209 Folia
877 1153 1005 1222 longiora
1028 1159 1056 1206 et
1080 1153 1206 1212 acutiore
1229 1161 1307 1221 sunt,
1330 1161 1357 1207 et

128 1224 289 1296 plerumque
306 1223 391 1277 multo
411 1224 499 1278 miuus
518 1225 640 1295 trigona,
658 1229 823 1294 tartaraque
842 1223 982 1288 tenuiorer
1007 1227 1124 1293 propter
1141 1239 1256 1280 mirum
1275 1222 1357 1278 valde

128 1293 310 1364 prominulam
334 1293 431 1348 subtus
456 1293 563 1364 quidem
589 1311 729 1364 convexa,
754 1309 840 1366 supra
858 1309 999 1360 concava,
1023 1301 1050 1348 et
1073 1293 1136 1348 ideo
1155 1293 1276 1378 margine
1294 1293 1356 1348 sub·

127 1365 258 1432 incurva,
276 1365 363 1418 minus
381 1379 450 1419 vero
468 1365 557 1436 rigida
576 1374 743 1434 statuente,
762 1364 873 1436 saepius
891 1365 946 1418 imo
965 1361 1098 1432 flaccida,
1138 1371 1249 1432 atentia,
1268 1363 1356 1436 longi·

129 1434 223 1490 tudine
245 1430 305 1502 5-6,
331 1435 386 1488 lrno
408 1434 544 1490 interdum
566 1433 584 1486 8
607 1435 740 1490 linearum
765 1433 921 1489 observavi.
967 1433 1097 1490 Racemi
1117 1381 1275 1498 breviores,
1302 1435 1356 1488 lmo

128 1503 262 1558 lructileri
305 1505 413 1560 ollicem
430 1505 478 1559 vix
502 1505 647 1560 excedunt.
683 1505 835 1562 Bructeee
856 1505 992 1573 minores,
1016 1520 1103 1574 quare
1121 1504 1148 1560 in
1167 1505 1284 1560 remmio
1301 1505 1356 1559 vir·

128 1575 215 1646 gineis
238 1522 378 1628 alabastro
401 1576 449 1629 vix
476 1592 509 1628 ac
531 1592 566 1629 ne
590 1576 637 1630 vix
662 1576 769 1644 quidem
795 1575 948 1643 excedunt,
974 1591 1062 1645 quum
1081 1583 1179 1629 contra
1203 1574 1230 1628 in
1258 1573 1356 1630 Come·

128 1686 133 1699 .
166 1651 281 1700 armate
297 1645 483 1700 corniculato
508 1644 649 1700 alabastra
672 1645 754 1716 longe
777 1653 923 1715 superent,
948 1646 987 1698 ita
1011 1651 1041 1698 ut
1060 1643 1119 1714 ejus
1137 1645 1238 1698 racemi
1260 1662 1356 1700 eumne

128 1663 243 1770 {termam
257 1714 410 1771 exhibeant.
439 1713 544 1770 Floret
556 1716 675 1770 minores
691 1724 761 1769 stunt.
789 1713 867 1769 tote
877 1715 977 1788 sepult
991 1718 1088 1770 antici
1095 1714 1258 1769 aeutinsenli
1268 1731 1357 1784 neque

128 1787 293 1841 obtusissimi
312 1791 390 1852 sunt,
409 1785 514 1860 sepulc
532 1793 657 1841 caterno
675 1791 786 1839 textura
804 1793 832 1838 ut
854 1785 978 1839 lurlmum
994 1785 1134 1838 crassiora
1150 1792 1232 1853 utque
1251 1792 1358 1840 saturn·

128 1859 181 1911 tius
204 1858 337 1912 brunnea.
373 1855 526 1911 Praeterea
544 1872 638 1911 omnes
660 1803 880 1909 infloreseentfae
902 1862 1012 1926 partes,
1029 1854 1187 1927 pedicellt,
1207 1853 1356 1920 bracteae,

128 1936 156 1983 et
172 1927 278 2000 sepulc
296 1933 421 1980 esterna
439 1927 494 1980 imo
511 1927 538 1982 in
557 1927 632 1980 sicco
650 1926 735 1980 multo
748 1925 1101 1992 streculentioravldentur,
1121 1941 1201 1994 quam
1220 1925 1247 1979 in
1263 1926 1356 1996 speeie

127 1997 319 2068 praecedente.
349 1995 424 2052 Alae
440 1998 468 2050 in
485 1998 561 2052 eicco
579 1998 652 2052 laete
670 1996 824 2066 violaceam,
844 2004 871 2051 et
889 1997 983 2051 camna
995 1996 1041 2050 vix
1061 1995 1209 2066 longiores.
1243 1993 1357 2052 Garine

128 2067 226 2124 eodem
249 2065 333 2119 modo
351 2066 400 2120 sed
419 2068 503 2122 multo
521 2067 653 2122 intensius
672 2068 811 2134 colorata,
836 2075 863 2120 et
880 2067 907 2119 in
927 2067 1006 2138 apice
1025 2066 1121 2120 clauso
1139 2083 1194 2121 non
1213 2066 1355 2120 corniculo

128 2135 285 2192 dentilormi
308 2145 405 2204 aucto,
435 2137 485 2192 sed
508 2138 640 2208 gibboso,
670 2139 728 2192 sive
753 2136 881 2207 angulum
906 2145 1016 2192 acutum
1038 2135 1179 2202 exbibens.
1226 2135 1356 2209 &psalte

127 2208 256 2276 denique,
272 2207 418 2260 immatura
431 2207 549 2277 quidem,
568 2208 647 2278 apice
665 2225 720 2262 non
737 2207 896 2276 rotundata,
914 2207 965 2262 sed
982 2205 1109 2276 utrinque
1122 2206 1167 2260 ala
1185 2206 1356 2277 triangulari,

128 2277 326 2348 obtusangulo‚
350 2277 433 2331 valde
455 2278 593 2348 producto
612 2287 695 2332 aucta
716 2277 835 2346 ideoque
853 2277 990 2348 profunde
1008 2293 1083 2331 emar
1102 2277 1178 2330 inata
1196 2284 1251 2340 est3
1275 2292 1355 2347 pune·

127 2358 206 2404 terea
223 2348 330 2419 longior
349 2355 400 2416 eet,
419 2347 436 2400 3
454 2349 542 2402 lineas
560 2348 673 2402 metiens
701 2349 794 2420 stipite
832 2348 907 2402 nullo
925 2347 1059 2417 longiore.
1084 2293 1121 2402 qn
1132 2351 1245 2402 semine
1262 2347 1355 2400 imma·

127 2429 190 2476 turo
210 2419 377 2474 carunculae
395 2419 576 2474 rudimentum
594 2390 766 2474 manifestum
785 2366 872 2473 anst.

200 2488 268 2544 Oba.
304 2489 401 2543 Altera
424 2498 504 2561 parte
528 2506 617 2561 prope
637 2506 746 2558 quoque
771 2488 878 2543 accedit
902 2487 939 2542 ad
959 2485 1170 2560 Comeapermu
1187 2504 1354 2554 aceretem,

125 2560 241 2632 propius
265 2558 361 2615 forsan
386 2568 415 2613 ut
436 2559 644 2634 Comeaperma
667 2559 905 2624 corniculatam
928 2557 1058 2611 facillime
1081 2573 1150 2612 vero
1170 2558 1196 2611 di
1216 2559 1353 2612 noscitur:

124 2631 236 2716 sepelis
255 2631 362 2684 duobus
380 2635 489 2685 enticis
506 2631 533 2684 in
553 2647 643 2698 unum,
662 2630 742 2700 apice
760 2628 882 2684 bilobum
901 2629 1038 2692 connatis,
1057 2631 1120 2696 (nec
1139 2576 1241 2700 semble
1261 2628 1354 2682 distin·

126 2707 207 2769 ctis),
232 2710 338 2756 statura
356 2701 502 2773 graciliore
522 2709 548 2755 et
567 2701 718 2755 carinula
737 2701 817 2772 apice
837 2701 933 2754 clauso
951 2698 1079 2771 gibboso,
1104 2717 1155 2754 nec
1173 2699 1353 2753 corniculata.

129 2771 214 2827 Folia
232 2772 350 2842 denique
368 2773 454 2827 multo
472 2773 560 2826 minus
575 2769 672 2842 rigida,
692 2781 775 2826 acuta
787 2771 907 2842 quidem,
926 2770 976 2826 sed
994 2769 1101 2826 minime
1121 2771 1268 2842 pungentia
1281 2777 1353 2825 sunt.

125 2941 176 3006 iu.
208 2938 548 3026 comespcrma
568 2937 819 3026 virgatnm
841 2938 955 3030 bactu.

159 3031 163 3038 ’
212 3039 249 3107 C.
272 3040 442 3124 glabrum,
464 3038 554 3103 foliis
577 3037 736 3104 confertis
758 3039 940 3103 linearibus
962 3036 1166 3119 subtrigonis
1186 3033 1258 3099 sive
1281 3033 1352 3116 pla·

125 3123 286 3192 ninsculis
313 3123 567 3202 obtusiusculiS,
594 3123 733 3190 floribus
756 3123 941 3188 racemosis
963 3119 1123 3188 consertis
1151 3118 1223 3184 sive
1246 3118 1352 3184 laxiu-

126 3210 248 3287 sculis,
275 3208 452 3291 pedicellis
474 3209 559 3275 flore
581 3209 811 3285 brevioribus,
833 3205 980 3272 bracteis
1002 3203 1200 3274 lateralibus
1222 3203 1353 3268 minutis

125 3295 320 3361 intermedio
352 3293 507 3378 elongata
539 3294 703 3359 multoties
735 3293 962 3370 br·evioribuS‚
996 3289 1083 3358 labis
1116 3289 1225 3373 sepeli
1252 3289 1353 3354 antici

125 3379 363 3453 obtusissimis
404 3380 519 3444 carina
557 3380 588 3442 in
622 3380 718 3463 apice
747 3380 864 3445 clauso
897 3379 1040 3466 gibboso
1073 3377 1145 3441 sive
1178 3375 1355 3441 rotundata
1417 3457 1425 3464 η

125 3467 188 3534 aiis
210 3463 324 3552 paullo
347 3465 510 3531 breviore.

255 3570 478 3650 Gomeapermo
503 3569 630 3649 virgata
657 3565 799 3631 Labill..!
833 3563 919 3630 Nov.
951 3561 1038 3630 Holl.
1070 3561 1108 3626 Τ.
1136 3561 1165 3626 2.
1195 3581 1271 3646 pag.
1301 3561 1351 3626 21.

209 3654 275 3722 tab.
300 3654 370 3722 159.
393 3651 479 3716 DQ!
502 3653 614 3736 prodr.
638 3649 676 3714 Τ.
701 3651 829 3735 l.'pag.
850 3651 924 3716 334.
946 3649 1010 3714 Νο.
1031 3649 1060 3714 8.

251 3757 389 3820 Herbar.
412 3755 617 3818 Willdenorcii
635 3753 698 3819 No.
723 3751 844 3818 13032!
868 3751 924 3817 sol.
950 3753 966 3816 l
992 3761 1025 3818 et
1046 3750 1082 3814 2!

254 3860 475 3940 Gemespermc
502 3862 637 3941 simplae
664 3855 860 3922 Endlicber!
891 3855 923 3918 in
953 3851 1070 3939 Hiigcl.
1100 3851 1214 3917 Enum.
1244 3849 1351 3918 Plani.

209 3963 287 4028 pag.
309 3945 338 4008 7.
360 3944 429 4028 No..
448 3943 498 4008 19.
521 3948 623 4025 (teste
645 3941 827 4026 specimine
849 3939 1066 4023 authentico.)

255 4035 474 4128 Comespermu
488 4049 747 4130 longebrccteoto
763 4043 915 4116 SteudeL!
931 4043 964 4108 in
978 4039 1095 4109 Lehm.
1107 4040 1213 4106 Plani.
1227 4037 1349 4104 Praise.

211 4130 248 4196 Τ.
273 4131 302 4194 1.
323 4151 401 4215 pag.
424 4133 495 4198 207.
519 4131 583 4198 No·
605 4131 636 4198 3.

177 4321 182 4326 Ι
254 4232 474 4313 Comespermu
495 4255 591 4299 rosea
615 4228 770 4299 Steudel!
793 4231 813 4296 l.
837 4252 865 4296 c.
886 4249 964 4316 pag.
987 4228 1059 4294 207.
1082 4227 1145 4293 No.
1166 4227 1197 4290 4.

254 4336 476 4418 Comespermc
497 4343 662 4398 contractu
685 4331 842 4399 Steudel!
865 4331 887 4396 l.
910 4351 940 4396 c.
962 4350 1041 4416 pag.
1064 4328 1136 4392 208.
1157 4324 1222 4390 No.
1245 4325 1275 4387 7.

255 4438 477 4521 Gomaeperma
497 4440 679 4504 losiueculu
701 4433 855 4504 Steud'el!
877 4433 899 4500 1.
922 4454 952 4498 c.
975 4451 1051 4516 pag.
1074 4429 1148 4494 210.
1169 4425 1233 4490 No.
1258 4423 1306 4486 12.
