3070 4876
557 197 941 274 *815*-

136 379 226 449 foliis
257 384 398 449 minimis
426 383 532 448 acutis
562 383 703 449 arrectis
734 383 850 471 rigidis
877 378 1198 452 bracteaelurmhrs
1226 385 1360 462 dissitis,

135 469 278 534 racemis
310 467 539 540 terminalibus
569 467 780 551 paucilloris,
813 471 960 536 bracteis
991 469 1105 554 parvis
1134 469 1254 534 diutius
1285 489 1361 554 per·

137 553 346 632 sistentibus,
370 554 519 638 capsulis
542 553 848 621 suborbicularibus
871 555 1002 620 omnino
1025 575 1090 620 non
1112 555 1275 640 stipitatis.

206 675 270 724 Hab.
293 677 318 725 in
342 677 415 725 Nora
438 677 579 726 Hellaadia.
603 676 791 740 Ferri-,Bauerl
826 677 866 743 (V.
885 693 905 728 s.
929 677 954 726 iu
981 677 1094 727 berhario
1117 676 1224 740 palatino
1239 677 1362 729 Vindcbc·

136 747 219 806 aeusi,
238 761 292 795 curu
313 748 511 811 Ccarespermata
529 741 681 796 acutiuscula
700 748 751 796 DC.
770 745 950 810 commixtuml)

206 845 362 902 Faustulum
389 849 472 904 modo
501 860 563 905 ante
590 849 687 904 oculos
714 849 820 916 babeo,
847 845 948 902 sufficit
975 856 1065 904 tamen
1089 849 1125 904 ad
1150 849 1362 920 dignoscendam

137 917 258 988 speciem
275 919 358 974 valde
376 919 558 992 peculiarem!
596 919 675 978 Quae
694 919 751 974 vidi
769 920 808 974 sic
827 935 857 972 se
876 917 990 974 habent:
1289 929 1300 936 ·

209 1021 315 1082 Carales
333 1027 423 1096 pauci,
442 1033 547 1092 tenues,
565 1024 613 1079 vix
626 1023 750 1095 pedales,
768 1023 866 1091 striati,
885 1023 1017 1078 eradica
1028 1021 1126 1094 palari,
1144 1040 1229 1094 parce
1240 1039 1362 1092 ramosa,

133 1094 398 1163 perpendiculariter
416 1095 606 1149 descendente.
643 1093 732 1148 Folia
751 1095 873 1161 minima,
898 1093 1008 1161 dissita,
1027 1093 1099 1147 cauli
1117 1094 1199 1150 valde
1218 1109 1361 1165 appronat,

133 1163 233 1232 rigida,
252 1175 344 1233 acuta,
362 1165 548 1234 teretiuscula‚
570 1163 628 1234 “lrl
642 1166 689 1219 lin.
702 1165 793 1236 longa.
824 1163 954 1218 Rccami
966 1163 1132 1232 terminales,
1152 1163 1283 1231 :ra-nort,
1295 1163 1361 1220 laxi.
1391 1205 1393 1213 ,

134 1229 283 1290 Pedicclli
302 1235 379 1304 l½³l
397 1237 442 1291 lin.
461 1237 545 1307 longi,
564 1235 766 1306 erecto-patuli,
786 1233 910 1289 bractea
927 1233 1097 1302 intermedia,
1115 1235 1177 1288 sola
1190 1235 1361 1306 persistente,

135 1313 232 1370 ovata,
256 1314 352 1374 acuta,
382 1305 456 1376 ἨΛ
481 1307 527 1361 liu.
552 1306 636 1376 longa
661 1305 761 1376 stipati.
799 1303 870 1359 Flos
888 1321 957 1358 unus
977 1313 1080 1359 tanturn
1098 1305 1192 1374 adest,
1217 1321 1296 1374 quern
1316 1305 1361 1358 de·

134 1379 241 1427 struere
258 1376 342 1445 nolui,
361 1377 412 1432 sed
429 1384 595 1432 structuram
615 1392 796 1446 congenerum
810 1376 912 1446 optime
926 1375 1102 1430 demonstrat.
1136 1375 1267 1451 Capraria
1279 1374 1361 1429 valde

133 1445 281 1515 peculiaris
328 1446 450 1501 eborata
473 1448 533 1502 sive
554 1446 613 1502 lere
636 1447 813 1514 orbicularis,
841 1445 903 1500 basi
926 1446 1026 1500 sensim
1051 1453 1206 1515 attenuata,
1234 1445 1284 1500 sed
1307 1461 1361 1499 nou

44 1578 46 1582 Α
134 1514 267 1584 stipitata,
286 1488 361 1570 lun.
373 1517 457 1588 longa
476 1526 503 1572 et
519 1517 585 1584 lata,
605 1517 684 1587 apice
696 1519 745 1572 vix
758 1515 936 1588 marginata,
956 1516 1081 1584 utrinque
1093 1517 1252 1584 retardata,
1271 1515 1361 1570 medio

133 1585 338 1654 marmaniam,
367 1595 393 1640 et
420 1587 537 1656 undique
565 1587 686 1656 margine
713 1595 845 1653 anvusto‚
872 1583 1015 1640 alaeiormi
1043 1587 1140 1641 cincta.
1178 1586 1287 1642 Samen
1309 1602 1361 1656 pro

133 1655 230 1777 planta
249 1671 337 1724 parva
354 1657 549 1726 rna'usculum,
565 1657 727 1726 ellipticum‚
750 1629 797 1722 l¹s4
817 1656 863 1710 lin.
881 1655 1007 1726 longum,
1030 1653 1058 1722 Ἃ
1079 1655 1238 1724 liniarum,
1259 1656 1362 1726 pallide

146 1725 334 1796 errugineum,
364 1673 531 1797 pulescens,
562 1743 641 1780 coma
668 1726 832 1780 brevissima
856 1727 903 1781 vix
928 1725 985 1779 ulla
1010 1725 1182 1795 involutum,
1214 1726 1363 1782 caruncula

134 1797 244 1850 omnino
268 1795 433 1852 destitutum.
453 1828 487 1836 —
513 1796 615 1852 Planta
639 1797 749 1851 omnino
772 1794 893 1850 habitum
915 1797 1001 1850 nostri
1025 1797 1140 1870 generis·
1157 1813 1224 1870 prae
1247 1815 1277 1852 se
1300 1795 1361 1864 sert,

135 1862 186 1920 sed
203 1867 342 1937 specimen
359 1867 483 1922 nonnisi
500 1866 583 1922 valde
604 1885 723 1922 macrum
742 1867 872 1940 suppetit.

369 2057 514 2150 Species
540 2060 629 2128 mibi
655 2083 729 2130 aaa
755 2060 830 2129 nisi
856 2059 1001 2126 nomiae
1027 2067 1131 2128 anta·

222 2207 562 2358 ⁰⁰¹¹}‘3'7spema
578 2205 849 2279 coridifclia
864 2208 1095 2292 vanatagtam,
1108 2207 1142 2272 in
1153 2204 1267 2272 Ftelds
1278 2217 1361 2298 trac.

246 2312 297 2356 aff.
342 2303 348 2348 :
385 2337 392 2354 .

203 2313 249 2448 Eli
268 2339 301 2448 dl.
321 2393 431 2466 George
448 2394 529 2464 Don,
548 2367 681 2464 (General
699 2395 814 2468 ilistory
833 2396 866 2450 oi
880 2395 1006 2450 dichlam.
1025 2396 1128 2466 plants,
1146 2394 1265 2449 London
1287 2391 1360 2450 1831.

135 2464 167 2520 Τ.
188 2462 211 2520 l.
230 2484 257 2536 p.
277 2463 337 2520 363.
355 2465 411 2523 No.
425 2463 463 2532 3.)
482 2467 551 2522 baec
570 2469 677 2539 species
698 2466 769 2524 Cam
823 2472 936 2522 amati
952 2467 1088 2539 conferta
1106 2466 1211 2522 habiti,
1226 2465 1361 2537 proxima,

129 2535 183 2591 sed
202 2553 256 2590 nan
275 2535 415 2609 descripta
428 2546 475 2591 'est
493 2537 519 2592 in
537 2556 623 2610 opere
642 2538 737 2594 citato.
768 2536 871 2598 Fora
890 2538 1038 2610 purpurei,
1056 2535 1148 2596 frutex
1170 2534 1343 2609 bipedalis.
1425 2579 1428 2588 ,

203 2643 267 2694 Hab.
293 2644 317 2691 iu
337 2645 460 2694 montibus
478 2645 598 2695 caeruleis
617 2647 704 2696 Navae
722 2644 876 2713 Haliandiae.

203 2743 291 2802 Estne
311 2745 405 2804 forsan
424 2748 495 2804 idem
514 2765 548 2802 ac
566 2755 704 2804 nostrum:
727 2747 936 2820 Gaaesperma
954 2747 1169 2819 centifoliam?
