3080 4880
605 267 709 284 -
760 224 838 294 au
893 265 989 280 μή
1059 245 1066 260 ¹

184 408 324 464 brauacea
340 425 391 463 nec
409 408 551 476 cariacae,
576 407 748 466 eadem‘iere
765 407 871 476 torma,
889 409 939 462 sed
957 408 1043 462 multo
1062 407 1149 462 minus
1167 407 1337 476 acuminata,
1355 407 1412 461 imo

185 495 271 549 saepe
294 479 497 547 obtusiuscula‚
541 479 616 534 aullo
633 481 757 547 minora,
779 480 906 550 utrinque
922 479 994 534 laete
1011 478 1126 546 viridia,
1150 494 1269 550 rugosa,
1291 494 1412 534 venoso·

185 548 344 618 redcnlata,
367 548 464 620 glabre
481 496 539 603 aed
550 550 613 621 pilis
631 550 763 614 stellatis,
784 550 910 618 remotis,
934 549 1095 620 praesertim
1112 549 1139 601 in
1158 547 1251 602 nervis
1270 548 1411 618 asperula,

184 637 237 675 nee
254 619 351 675 subtus
369 619 443 690 pube
460 619 585 685 stellata,
610 617 766 691 ferruginea
783 621 902 674 mediter
917 627 1089 688 tomentosa,
1112 619 1234 690 margine
1251 619 1350 673 leviter
1368 636 1412 672 re·

187 707 281 746 curva.
312 689 431 761 cymae,
450 699 480 746 ut
497 690 524 744 iu
540 690 598 755 illa,
616 690 823 762 oppositiloliae
837 700 865 746 et
876 691 1042 755 birodiatae3
1061 690 1158 744 radiae
1169 689 1329 754 racemosis,
1348 705 1412 745 cum

183 761 260 833 flore
277 760 416 825 solitario,
437 760 603 832 pedicellato
621 762 648 814 in
666 760 856 829 bifurcatione,
875 761 924 816 sed
936 761 1025 817 minus
1038 761 1183 830 elongatis,
1199 758 1324 830 floridas
1343 777 1411 830 pau·

185 831 307 888 cioribus
333 832 453 899 onustis,
481 831 568 902 magis
593 831 752 888 divaricatis
779 842 807 886 et
833 830 975 886 flexuosis.
1016 829 1130 902 Calpem
1151 837 1304 901 aeqmeata
1327 843 1412 884 acuta

185 900 311 972 quidem,
334 901 384 957 sed
402 902 490 955 minua
507 903 663 956 acuminata
680 911 758 970 sunt,
777 916 857 971 quam
875 903 903 954 in
921 901 1113 972 praecedente.
1150 888 1266 954 Macula
1282 909 1412 972 atropos·

207 988 282 1041 urea,
300 989 355 1042 qua
371 979 525 1044 reqmeata
537 972 588 1028 cal
606 977 649 1028 cia
667 973 833 1042 utriusquae
854 972 921 1026 eciei
940 973 966 1026 iu
985 970 1044 1025 basi
1061 969 1142 1024 faciei
1155 977 1336 1040 ornatasuut
1356 971 1414 1026 alia

186 989 214 1098 fo
235 1043 299 1110 illa,
323 1042 378 1096 alia
400 1031 427 1096 lu
451 1051 555 1096 nostra.
585 991 622 1098 dn
643 991 893 1112 Corerarostpdde
910 1041 1066 1096 bracteata
1083 1059 1182 1097 versus
1201 1041 1318 1100 medium
1337 1051 1412 1096 tran-

187 1121 251 1168 cuta
269 1124 297 1168 et
314 1113 521 1184 circumscripta
538 1120 595 1180 est,
617 1113 644 1166 in
662 1120 757 1168 nostra
774 1113 867 1182 specie
885 1112 985 1166 sensim
1008 1113 1036 1167 iu
1054 1111 1175 1170 colorem
1195 1128 1304 1166 roseum
1324 1112 1413 1184 apicis

187 1200 217 1240 se
237 1183 321 1239 menti
346 1184 452 1236 transit.
493 1180 638 1237 Ouariam
664 1183 727 1254 pilis
751 1182 853 1249 niveis,
878 1181 1064 1252 eglandulosis
1084 1181 1167 1236 dense
1185 1183 1332 1250 sericeum,
1360 1199 1413 1236 nec

187 1201 250 1324 pide
262 1251 457 1324 glanduliieris,
470 1251 582 1306 sordide
593 1251 663 1305 albis
675 1261 866 1320 cameracum,
879 1254 1135 1306 caeterumomniuo
1146 1253 1209 1307 utin
1219 1252 1413 1324 praecedente.
1492 1287 1494 1293 ι

188 1321 291 1393 &plac
308 1322 362 1376 ime
379 1323 439 1378 basi
458 1332 484 1377 et
502 1323 529 1377 iu
547 1339 653 1377 summo
672 1324 751 1394 apice
769 1321 874 1390 nudus,
899 1332 1036 1378 caeteram
1057 1332 1085 1376 ut
1103 1323 1130 1376 in
1148 1323 1211 1391 illa,
1225 1321 1308 1392 juxta
1326 1329 1413 1376 totam

186 1392 382 1463 longitudinem
401 1393 517 1464 pilorum
536 1392 716 1448 candidorum
734 1392 888 1460 fasciculis,
913 1393 1104 1464 dependentim
1121 1394 1247 1464 stipatis,
1270 1393 1413 1449 barbatus.

189 1461 321 1548 Capaala
338 1463 401 1534 pilis
419 1462 543 1528 stellatis,
563 1463 692 1518 brevibus
711 1463 795 1518 dense
814 1463 969 1535 pubescens
988 1473 1043 1532 est,
1067 1482 1117 1519 nec
1137 1465 1209 1520 utin
1228 1463 1414 1536 praecedente

186 1533 249 1605 pilis
267 1532 411 1602 brevibus,
435 1532 619 1604 simplicibus,
643 1533 843 1606 glandulilerls‚
867 1534 1067 1590 remotiusculis
1086 1551 1255 1606 conspersa,
1273 1542 1415 1590 caeterum

187 1620 242 1658 nou
267 1603 364 1660 differt.
406 1601 531 1664 Semina
553 1605 581 1658 in
606 1603 704 1659 loculis
728 1605 868 1672 solitaria,
892 1602 1012 1659 sortasse
1038 1606 1132 1677 paullo
1157 1605 1243 1676 magis
1268 1605 1413 1676 puberula.

187 1671 358 1760 Strophioli
373 1674 491 1730 laciniae
508 1673 656 1745 longiores,
675 1692 760 1746 saepe
778 1675 862 1730 totius
876 1675 986 1731 seminis
1003 1674 1197 1746 longitudinem
1216 1674 1273 1730 iere
1285 1686 1414 1745 aequant,

187 1745 237 1800 sed
254 1746 388 1801 interdum
408 1746 489 1802 etiam
507 1743 686 1800 abbreviatas
704 1746 769 1801 vidi.
806 1745 923 1820 Reliqua
942 1747 1034 1818 omnia
1053 1747 1126 1804 utin
1145 1745 1336 1818 praecedente.

187 1908 218 1974 3.
272 1907 645 1997 ceretheostylis
668 1907 918 1980 cordifolia
943 1911 1067 1990 Scaea,

273 2025 312 2092 G.
340 2027 430 2094 foliis
460 2027 626 2105 coriaceis
654 2027 859 2094 late'o'vatis
887 2027 1034 2096 cordatis
1054 2027 1176 2097 uersus
1203 2030 1331 2114 apicem
1354 2051 1412 2094 an·

188 2111 329 2197 gustatis
351 2112 587 2180 obtusiusculis
609 2132 712 2196 supra
733 2115 851 2198 opacis
873 2116 1040 2200 asperulis
1055 2118 1171 2181 subtus
1186 2126 1415 2182 cano-tomen-

189 2199 293 2275 tosis,
317 2217 415 2286 cyma
436 2197 518 2265 solio
541 2199 696 2283 opposito
718 2200 884 2278 breviore,
907 2203 1052 2268 bracteis
1073 2200 1282 2267 filiformibus
1304 2201 1415 2286 calyoi

188 2285 427 2371 approximatis
448 2283 696 2361 auricoloribus,
718 2287 833 2351 orario
854 2286 932 2370 pilis
948 2287 1175 2374 eglandulosis
1191 2288 1295 2354 niveis
1309 2289 1416 2352 dense

188 2371 337 2450 sericeo,
359 2370 448 2457 stylo
470 2370 601 2435 nonnisi
623 2369 732 2434 medio
754 2372 906 2438 barbato.

317 2475 559 2556 Losiopetalum
581 2471 779 2550 cordifoliam
799 2471 996 2537 Endlicher!
1024 2474 1056 2537 in
1078 2473 1193 2536 Eoum.
1220 2471 1322 2553 plant.
1347 2469 1416 2532 liii-

272 2557 595 2724 gelffiqgagNgdbllo
610 2554 662 2618 33.
681 2553 838 2621 'Steudell
860 2557 894 2620 in
916 2556 1031 2622 Lehm.
1056 2556 1159 2620 Plant.
1182 2555 1304 2618 Preiss.
1320 2553 1366 2632 Τ.
1386 2555 1417 2619 l.

257 2747 322 2796 Hab.
339 2747 365 2795 in
383 2747 471 2796 Novae
488 2743 634 2793 Bollandiaa
653 2757 696 2792 ora
714 2746 1004 2805 australi-occidentali,
1023 2747 1056 2796 ad
1073 2747 1151 2794 sinum
1171 2746 1236 2808 rogis
1254 2745 1356 2808 Georgii
1372 2748 1413 2804 lll,

188 2817 281 2880 lliigel!
318 2817 345 2865 ln
364 2817 515 2881 rupestribus
534 2815 565 2862 ad
583 2819 679 2876 tergum
697 2817 786 2863 montis
804 2817 924 2874 Melville,
943 2817 1018 2868 distr.
1026 2819 1203 2878 .Plautagenet,
1225 2811 1291 2865 (1.5.
1311 2817 1411 2868 Octobr.

191 2883 266 2938 1840.
289 2887 385 2939 Praise!
422 2887 510 2948 (tietb.
535 2886 627 2938 Ptelea.
650 2885 697 2936 No.
727 2880 818 2956 ¹659l)
856 2883 895 2949 (V.
915 2903 936 2934 a·
959 2889 1081 2951 specimen
1107 2888 1270 2938 authenticum
1289 2890 1319 2954 ¹iu
1345 2887 1412 2936 berb.

189 2959 296 3022 palatino
314 2957 495 3012 vindobonensi
515 2961 539 3004 et
558 2953 660 3018 plurima
677 2956 812 3018 specimina
830 2957 995 3020 Preissiana.)

258 3061 321 3116 Jam
339 3061 365 3114 in
384 3078 418 3114 eo
438 3075 528 3126 eram,
551 3065 580 3110 ut
600 3057 668 3111 banc
688 3057 824 3128 plantam,
848 3059 1035 3114 intermediam
1052 3059 1123 3112 inter
1139 3058 1368 3184 ‘Laelapetalam
1386 3067 1413 3114 et

192 3131 487 3202 (bretbroatplidem,
506 3129 532 3182 in
551 3145 652 3182 novum
670 3144 755 3198 genus
773 3129 934 3200 redigerem.
971 3129 1086 3183 Recedit
1100 3131 1208 3205 anima
1255 3135 1318 3184 acio
1342 3131 1415 3186 atala·

189 3217 303 3273 genere:
324 3201 500 3274 petaloram
522 3197 887 3268 detemmmmamstto
899 3199 1025 3256 metae
1035 3215 1054 3276 ‚f
1065 3209 1135 3257 ata-'a
1147 3149 1415 3273 iCoretlatasglt'dts

189 3289 302 3328 venere:
321 3273 424 3343 calyce
435 3269 616 3324 subcoriaceo
634 3285 688 3322 non
701 3279 895 3337 marcescente,
914 3281 941 3324 et
953 3269 1075 3325 bractea
1087 3271 1176 3342 calyci
1188 3289 1331 3342 appressa,
1350 3287 1414 3342 par·

188 3351 246 3397 tuta.
283 3343 411 3398 Attamen
429 3356 512 3411 quum
530 3338 652 3409 plantam
672 3339 789 3392 examini
806 3339 971 3411 diligentiori
989 3340 1181 3411 subjecissem,
1200 3359 1332 3396 summam
1349 3358 1414 3395 ana·

188 3413 290 3484 logiam
316 3414 464 3468 observavi
482 3411 542 3466 ins
576 3409 613 3473 li,
638 3413 747 3472 orarii,
772 3409 996 3478 filameaturam
1013 3419 1042 3464 et
1060 3412 1258 3467 amberaram
1276 3420 1417 3466 structura

188 3494 300 3539 nostrae
318 3485 432 3556 plautae
450 3491 531 3550 rrtqtra
565 3477 807 3550 'restrostptraa
825 3482 986 3550 specierum,
1005 3499 1076 3551 quae
1094 3484 1204 3554 insuper
1221 3484 1305 3554 foliis
1318 3482 1418 3536 eadem

189 3554 279 3618 forme
294 3555 442 3613 instructae
454 3560 526 3618 sunt,
543 3551 582 3618 ita
600 3557 629 3607 ut
641 3551 781 3620 separatio
799 3552 905 3624 generis
921 3554 986 3608 novi
1004 3553 1067 3606 mibi
1080 3554 1220 3610 videretur
1232 3555 1309 3612 nituis
1322 3551 1416 3612 atteli-

190 3625 277 3693 cialis,
295 3641 377 3695 quum
395 3623 501 3678 nonnisi
519 3622 546 3675 in
565 3619 668 3691 calycis
686 3627 796 3676 textura
815 3629 842 3675 et
859 3621 1031 3678 bractearum
1050 3625 1103 3677 situ
1122 3625 1289 3678 scinderetur.
1320 3623 1417 3677 Altera

190 3703 279 3765 parte,
295 3694 456 3766 ponderatis
475 3691 681 3746 characteribus
699 3691 821 3762 singulis,
839 3692 1059 3766 abaciapetali
1075 3711 1180 3764 genere·
1194 3711 1253 3746 eam
1272 3709 1418 3748 removere

190 3773 305 3818 coaetus
324 3781 407 3832 eram,
426 3763 462 3818 ad
480 3761 555 3832 quod
572 3770 684 3832 praeter
701 3762 921 3817 inflorescentiae
939 3763 1061 3818 habitum
1079 3765 1124 3818 vix
1145 3781 1179 3818 oc
1197 3780 1230 3818 ne
1245 3765 1293 3818 vir
1307 3763 1419 3833 quidem

190 3835 306 3890 accedit.
350 3835 392 3888 lta
413 3851 446 3888 ue
478 3835 506 3886 in
536 3830 795 3903 caracara-spada
825 3849 924 3904 genere
953 3835 1046 3904 planta
1073 3843 1169 3890 nostra
1195 3833 1298 3888 tamdiu
1325 3835 1418 3886 locum

191 3913 292 3974 teneat,
310 3851 438 3976 quamdiu
458 3903 633 3958 characteres
652 3921 685 3958 ex
705 3919 737 3956 or
757 3904 816 3958 anis
833 3904 992 3958 serualibus
1012 3904 1128 3958 desumti
1141 3903 1259 3974 rnajoris
1278 3913 1342 3958 sunt
1362 3920 1419 3957 mo·

190 3977 287 4043 menti,
306 3993 387 4045 quem
405 3976 451 4045 qui
469 3991 502 4028 ex
521 3973 706 4044 integumento
725 3921 816 4032 idos-ali
836 3973 1011 4042 recipiuntur.

260 4045 362 4101 Planta
386 4065 401 4101 e
424 4044 622 4115 descriptione,
646 4061 726 4114 quam
751 4045 801 4099 cel.
819 4041 969 4097 Eudlicher
990 4043 1008 4098 l.
1030 4062 1052 4100 c.
1076 4045 1233 4100 accuratius
1252 4045 1421 4110 elaboravit,
1522 4097 1523 4100 ,

191 4117 258 4174 satis
276 4132 415 4188 superque
433 4115 564 4185 cognosci
583 4120 688 4184 potest,
707 4129 793 4184 quare
811 4114 848 4168 nii
867 4114 941 4168 addo
960 4115 1011 4168 nisi
1032 4131 1120 4186 pauca
1139 4113 1222 4169 haec:
1522 4115 1523 4150 ³

250 4183 396 4261 'Caprasia
414 4195 441 4240 et
459 4189 574 4238 semina
592 4182 682 4238 adhuc
699 4185 794 4255 ignota
813 4191 884 4252 sunt,
904 4185 1054 4256 specimina
1071 4184 1231 4250 Preissiena
1244 4187 1314 4239 enim
1329 4185 1424 4238 omnia
1522 4177 1523 4196 ³

191 4257 323 4330 florigera
346 4264 409 4312 sunt
431 4255 511 4308 sicuti
530 4253 691 4324 lliigeliana.
710 4283 744 4294 -
767 4255 932 4310 Bracteam
956 4253 1207 4342 appocalyciaam
1228 4271 1284 4309 non
1310 4269 1424 4324 semper

191 4326 219 4378 3-
242 4329 349 4384 artltam
372 4324 533 4392 observavi,
557 4325 666 4394 qualem
692 4324 726 4380 cl.
744 4323 894 4379 Endlicher
909 4325 1068 4396 *descnp'sit
1104 4325 1274 4396 Saepissime
1298 4324 1423 4380 occurrit

191 4347 323 4467 indivisa,
341 4412 425 4468 saepe
443 4395 583 4468 bipartita,
603 4394 715 4452 lactata
734 4395 822 4455 altera
840 4395 935 4468 paullo
953 4396 1089 4468 longiore,
1108 4396 1246 4450 rarisslme
1265 4395 1425 4452 bracteam

193 4466 351 4539 3·partitsm
372 4466 635 4541 Laelapataloram
653 4483 742 4535 more,
761 4465 827 4521 vidi.
1098 4491 1101 4498 Δ
