3070 4876
610 175 993 246 mtto-

191 363 265 420 intus
284 360 456 446 piaberrimi,
474 359 560 416 nitidi.
596 356 722 416 Saarna
739 359 766 414 in
785 359 884 429 quovis
901 358 994 414 ioculo
1012 356 1069 428 1-3,
1086 359 1114 412 in
1130 358 1192 414 basi
1209 359 1270 412 axis
1287 356 1416 412 centralis

193 433 448 502 dissepimeotorum
465 425 560 496 affixa,
580 429 687 487 demum
704 429 801 498 libera,
819 429 1000 497 collaterana,
1018 430 1078 484 sive
1090 429 1207 484 aiterum
1219 428 1308 483 altero
1321 427 1417 498 paullo

193 502 413 573 suprapositum,
431 500 561 570 eiiiptica,
581 501 706 569 utrinque
725 500 835 567 obtusa,
852 500 952 554 lineam
969 499 1027 554 iere
1045 500 1137 569 ionga,
1155 499 1262 570 glabra,
1278 497 1417 553 brunneo·

194 573 318 640 cinerea,
336 571 500 642 punctisque
518 569 601 640 nigris
620 585 782 641 conspersa,
800 570 861 626 basi
879 570 1070 642 strophiolata.
1107 566 1416 644 Strophiolmamem·

191 642 374 709 brannacum,
391 640 562 708 flavescens,
581 639 777 714 rupoIhorme,
796 649 951 716 crenatum,
970 641 1049 696 varia
1067 639 1169 707 iorma,
1188 638 1236 694 sed
1256 639 1417 710 plerumque

192 710 351 784 inaequale,
369 709 432 766 hinc
450 709 572 765 bifidum.

192 849 221 916 3.
277 849 544 922 Thomosio
564 847 799 921 undulata
823 851 940 914 steen.

277 953 337 1020 Th.
364 955 453 1036 pube
481 950 615 1017 stellata
642 969 809 1035 appresso
837 953 971 1018 cinerea
993 949 1167 1035 asperula,
1197 948 1339 1014 racemis
1366 946 1416 1012 ia·

192 1037 351 1104 toralibus
373 1037 664 1121 terminalibusque
687 1057 791 1119 saepe
813 1038 973 1115 ramosis,
995 1034 1117 1120 petalis
1139 1033 1251 1113 nullia,
1271 1032 1418 1099 filamen·
1504 1035 1512 1058 ¹

191 1124 234 1188 tis
255 1123 400 1202 anthera,
418 1122 517 1187 multo
539 1120 760 1187 brevioribus.

262 1229 326 1279 Hah.
345 1230 370 1276 io
388 1229 476 1276 Novae
493 1226 638 1276 Hoiiandiac
657 1241 702 1274 ora
720 1226 999 1285 australi-occidentali,
1019 1229 1044 1275 in
1063 1229 1134 1275 Swan
1149 1227 1231 1276 'Rivcr
1248 1224 1366 1282 Colonia,
1387 1224 1420 1272 ad

192 1300 279 1348 iinmen
297 1300 372 1349 Vasse
390 1299 474 1355 River,
492 1294 653 1346 Drummood!
673 1295 789 1357 (Collect.
812 1293 834 1344 1.
852 1298 901 1348 Νο.
920 1291 985 1346 3831
1005 1298 1108 1350 Collect.
1127 1292 1153 1350 2.
1172 1297 1221 1349 No.
1239 1289 1299 1358 581)
1316 1309 1342 1344 v.
1360 1309 1382 1344 s.

262 1380 396 1435 Proxima
414 1378 522 1450 quidem
541 1379 644 1450 speciei
663 1380 848 1450 praecedenti,
867 1379 917 1434 sed
934 1379 1038 1436 formas
1056 1383 1129 1436 inter
1141 1389 1284 1450 utramque
1296 1378 1421 1450 speciem

192 1451 368 1507 intermedias
391 1467 447 1505 non
470 1449 539 1517 vidi,
568 1459 595 1506 at
619 1449 728 1504 habitos
753 1452 864 1506 omnino
890 1450 960 1506 alius
984 1460 1034 1506 est.
1058 1481 1090 1492 -
1121 1450 1299 1507 Differentias
1322 1449 1419 1504 obser·
1511 1473 1512 1476 ¹

191 1521 449 1647 vavrlpppgsoenfia
465 1590 492 1644 io
510 1597 570 1644 tota
588 1589 685 1661 planta
701 1590 813 1646 stellata
824 1589 942 1662 quidam,
962 1592 1012 1648 sed
1027 1591 1200 1662 brevissima,
1219 1607 1354 1664 appresso
1367 1599 1420 1648 est

194 1661 281 1718 Polla
304 1671 331 1716 et
353 1659 485 1734 statulae
510 1660 584 1731 quod
608 1661 645 1714 ad
663 1659 779 1717 formam
798 1673 825 1716 et
843 1661 1028 1720 indumentum
1046 1665 1159 1732 attinet,
1183 1663 1292 1718 omnino
1312 1659 1421 1730 eadem,

192 1733 244 1790 sed
266 1731 351 1788 multo
376 1731 530 1798 crassiora,
553 1729 699 1802 rigidiora,
725 1732 911 1804 subrugulosa
935 1741 963 1788 et
986 1734 1118 1805 asperula
1136 1735 1200 1800 (nec
1217 1731 1325 1800 mollia)
1344 1741 1421 1800 sont,
1511 1753 1512 1756 ¹

193 1819 341 1873 eorumque
359 1819 455 1872 margo
474 1801 558 1856 molto
576 1802 663 1872 magis
682 1802 840 1871 undulatos,
857 1803 912 1858 imo
932 1805 1039 1876 crispus
1053 1814 1103 1860 ast.
1139 1804 1269 1858 Racemt
1285 1801 1421 1856 laterales

193 1883 220 1930 et
238 1873 409 1940 terminales,
432 1872 592 1943 plerumque
609 1873 726 1941 ramosi,
745 1871 882 1942 3-6-11011,
898 1874 1025 1946 floridos
1042 1874 1127 1946 duplo
1145 1873 1313 1940 minoribus,
1331 1873 1421 1926 multo

191 1944 278 2016 magis
301 1943 412 1996 hirsutis
433 1959 532 1996 versus
556 1943 663 2014 apicem
686 1945 777 1998 onusti
801 1952 871 1998 sunt.
907 1943 1076 1999 Praesertim
1094 1962 1161 2000 vero
1182 1943 1272 1998 differt
1289 1961 1307 1996 a
1324 1944 1421 2027 specie
1511 1977 1512 2014 4

192 2014 392 2088 praecedente3
410 2011 574 2082 filameott's
591 2013 768 2081 brevissimis,
787 2013 961 2069 antherarorn
980 2015 1058 2070 basin
1075 2016 1123 2072 vix
1140 2013 1310 2086 longitudine
1327 2014 1421 2068 irnaae

193 2083 353 2156 quadrantis
377 2082 588 2150 excedentibus,
612 2100 698 2152 quare
721 2083 853 2139 antherae
877 2085 988 2142 sessiles
1010 2086 1068 2142 iere
1092 2086 1228 2142 videntur.
1265 2083 1422 2138 Aatberae

191 2156 199 2210 i
221 2172 270 2210 saa
294 2156 341 2210 vix
368 2153 511 2208 breviores
535 2162 599 2208 sont
623 2169 705 2224 quam
731 2155 759 2209 in
782 2156 983 2226 praecedente,
1008 2157 1107 2213 lineam
1134 2157 1240 2211 scilicet
1265 2155 1421 2210 metientes.

195 2174 341 2282 doarium
359 2223 519 2280 brevissime
538 2222 657 2301 quidem,
675 2224 725 2279 sed
742 2225 884 2282 manifeste
903 2227 1063 2298 stipitaturn,
1082 2228 1191 2296 etenim,
1210 2235 1240 2281 ut
1257 2225 1285 2280 in
1303 2241 1422 2296 praece·

193 2296 319 2351 dentibus
337 2295 499 2366 speciebus,
519 2293 724 2366 corpophorum
742 2313 797 2350 non
815 2297 866 2351 nisi
885 2298 1000 2369 capsula
1017 2306 1219 2353 maturescente
1236 2305 1362 2368 augetur,
1379 2294 1424 2348 ita

194 2376 222 2424 ut
245 2368 353 2422 demum
377 2365 435 2422 sine
458 2365 539 2420 lentis
564 2365 646 2419 etiam
670 2383 723 2436 ope
748 2368 926 2440 conspicuum
949 2369 992 2424 sit.
1034 2368 1194 2442 Capitulum
1218 2365 1274 2421 n'oo
1298 2365 1363 2420 vidi.
1384 2395 1423 2404 -

193 2437 310 2508 Reliqua
328 2437 419 2490 omnia
437 2446 467 2491 ut
484 2437 511 2488 in
530 2435 624 2506 specie
643 2436 837 2507 praecedente.

510 2675 512 2680 ·
563 2658 578 2735 §
601 2657 630 2718 1.
675 2652 832 2738 Capsnlis
854 2655 1040 2720 sessiiibus.

192 2793 223 2856 t.
278 2788 547 2862 'thomasio
568 2783 777 2878 cognata
802 2789 945 2854 scendet.

278 2892 342 2958 dn·
357 2891 505 2976 hispida,
531 2889 622 2956 foliis
642 2890 810 2973 petiolatis
832 2888 986 2956 obloncis
1009 2888 1155 2964 obtusis,
1178 2885 1317 2952 iloribus
1340 2887 1420 2952 bre·

191 2979 326 3044 vissime
348 2976 576 3062 porticalibus,
598 2975 720 3060 petalis
742 2977 761 3040 5
784 2977 885 3042 dorso
908 2939 1056 3052 villosis,
1078 2972 1255 3038 filamentis
1277 2969 1421 3038 anthera

192 3061 382 3148 ferruginea
410 3062 633 3147 longioribuS,
666 3063 782 3127 orario
811 3059 999 3127 5·ioculari
1028 3062 1133 3126 dense
1159 3057 1300 3136 villoso,
1328 3056 1419 3143 stylo

193 3152 334 3216 stamina
356 3150 595 3233 subsequente.

325 3253 495 3402 {lppmclpio
512 3253 658 3400 ⁷cognato
678 3248 833 3315 Steudel!
861 3248 893 3312 in
915 3247 1030 3314 Lehm.
1053 3245 1159 3312 Plant.
1186 3245 1313 3338 Praise.
1332 3244 1370 3309 Τ.
1389 3243 1420 3308 i.

278 3359 310 3422 p.
375 3379 405 3402 2.
458 3358 489 3402 o.
533 3386 540 3400 .

327 3440 498 3504 (ihomass'o
525 3459 694 3521 purpureo
727 3435 923 3502 Endiicher!
956 3437 989 3500 in
1023 3435 1136 3500 Enum.
1169 3432 1269 3516 piant
1298 3429 1418 3516 Hiigel.

279 3547 310 3608 p.
335 3525 385 3588 li.
407 3523 470 3589 Νο.
492 3523 545 3611 35.
569 3526 669 3606 (teste
692 3522 874 3605 specimine
896 3522 1102 3599 authentico,
1124 3539 1191 3585 non
1214 3517 1315 3601 Gay.)

264 3631 328 3680 Hab.
346 3634 369 3679 io
389 3631 476 3678 Norae
494 3629 641 3678 Hoiiandiae
659 3643 702 3677 ora
720 3626 997 3685 australi-occidentali,
1020 3627 1051 3676 ad
1070 3628 1149 3676 sinum
1168 3623 1234 3685 regis
1253 3622 1355 3684 Georgii
1374 3621 1417 3672 lii.

193 3699 288 3762 lidgei!
325 3702 352 3749 in
371 3699 650 3762 arenoso-conchyiiosis
668 3699 773 3747 humidis
785 3699 856 3747 valiis
875 3713 950 3761 prope
962 3699 1040 3747 lacum
1049 3697 1147 3746 insulae
1159 3697 1315 3751 Rottcnnesi,
1336 3691 1359 3743 d.
1376 3687 1417 3744 19.

195 3771 288 3832 August
306 3763 383 3825 1639,
402 3768 498 3820 Preiss!
521 3770 611 3831 (Herb.
630 3770 721 3821 Preiss.
740 3771 788 3819 No.
810 3763 891 3817 166111
910 3766 1086 3830 (florigerum),
1111 3771 1137 3814 ct
1154 3767 1203 3813 No.
1224 3757 1302 3812 16661
1322 3761 1418 3822 (fruct-

194 3841 293 3903 ieruru.)
329 3841 356 3888 Io
376 3841 536 3890 swan-River
554 3841 666 3899 Colonia,
686 3839 847 3889 Drummood!
865 3838 982 3900 (Collect.
1000 3833 1026 3890 2.
1045 3838 1094 3885 No.
1113 3831 1175 3897 681)
1195 3850 1217 3883 v.
1236 3849 1257 3884 s.

263 3924 359 3979 Prima
384 3924 473 3980 fronte
496 3923 688 3981 Theoractum
700 3922 1040 3998 purpuream'simuiat,
1065 3938 1082 3974 a
1102 3937 1156 3988 qua
1178 3926 1269 3973 tamea
1290 3916 1419 3972 facillime

194 3995 377 4068 dignoscitor:
397 3999 499 4052 coorto
518 3995 619 4048 villoso
638 4005 665 4049 et
683 4013 744 4050 cum
757 3994 884 4068 caprola
895 3993 994 4060 sessiii,
1013 3988 1168 4057 5·iocuiari,
1185 3988 1347 4058 filameotis
1359 3989 1419 4043 iou·

195 4066 331 4139 gioribus,
351 4075 378 4121 et
396 4066 472 4137 stylo
491 4065 627 4119 crassiore
645 4065 837 4135 brevioreque.
1145 4103 1146 4107 ,
1413 4093 1421 4108 ·

264 4135 368 4192 Frutex
396 4135 611 4220 sesquipedalis,
638 4135 772 4205 undique,
800 4133 962 4206 praesertim
989 4133 1016 4186 ia
1043 4132 1127 4185 ramis
1152 4129 1270 4186 novellis
1297 4128 1420 4183 stellato·

194 4207 326 4280 hispidos.
368 4206 467 4262 Cauiis
483 4205 620 4277 lignosus,
639 4219 781 4273 ramosus,
799 4214 887 4273 teres,
906 4203 1013 4259 demum
1031 4201 1202 4269 denudatos,
1222 4200 1373 4272 glabratus,
1393 4206 1421 4254 et

194 4279 300 4336 cortice
323 4279 439 4346 rimoso,
462 4277 553 4344 griseo
571 4277 618 4332 vei
634 4276 759 4330 bronneo
778 4285 876 4330 tectus.
912 4273 1008 4330 Remi
1024 4270 1242 4344 erectoepatuli,
1264 4269 1338 4356 pube
1356 4268 1421 4393 ripi-

195 4348 330 4416 dioscuia,
342 4349 463 4416 stellata,
476 4348 607 4419 (duplicis
618 4345 740 4414 indolis),
753 4353 875 4416 patente,
887 4342 1191 4399 flavescenti-olivacea
1203 4341 1312 4412 hispidi.
1331 4338 1376 4394 Fo
1390 4343 1422 4394 ta

194 4418 330 4487 breviter,
353 4417 489 4475 interdum
513 4417 675 4473 brevissime
698 4416 846 4488 petioiata,
864 4414 980 4488 peticio
1000 4411 1168 4483 l-iiineari,
1194 4411 1322 4483 hispido,
1347 4425 1421 4464 cras·
