3070 4876
555 219 929 289 *ΒΗ-

133 399 230 458 eedem
258 399 430 467 indumento,
459 417 520 470 qua
543 400 614 456 lolia
638 409 711 459 tecta
738 409 815 470 suut,
843 401 974 460 obducto.
1012 401 1122 472 Gpmoe
1142 402 1359 472 oppositisoliae,

133 479 376 542 erecto-patenae,
397 471 585 539 abbreviatae,
605 469 722 526 ilorendi
742 481 865 543 tempore
878 472 924 526 vix
938 469 1065 542 pollicem
1078 473 1254 540 excedentes,
1271 473 1358 526 multi·

132 541 238 610 florae3
262 541 373 596 abacia·
390 550 490 608 terete,
516 541 600 596 dense
620 551 787 611 tomentosa,
810 543 900 596 medio
919 551 998 596 tenus
1017 542 1104 610 nuda,
1123 543 1254 608 indivisa,
1274 559 1359 613 snpra

131 613 248 667 medium
267 613 428 682 plerumque
448 611 569 676 lurcata3
587 611 713 683 floribus
732 614 855 682 utrinque
874 612 935 680 idi,
964 622 991 666 et
1009 613 1124 684 insuper·
1139 615 1216 685 flore
1233 612 1359 666 solitario

131 684 159 736 in
179 682 374 750 biturcatione,
394 681 580 752 pedicellat-is3
597 684 754 756 particellis
773 684 942 750 tomentosis,
960 682 1169 756 serrugmeist
1186 682 1231 737 lia.
1252 681 1359 737 circiter

131 753 237 824 longis,
263 752 324 807 basi
348 753 482 823 apiceque
507 753 670 818 bracteatis3
695 753 817 810 bractea
839 753 966 810 bosilorr'
989 754 1115 808 solitaria
1132 753 1178 810 vel
1201 751 1275 806 haud
1293 769 1358 806 raro

131 825 255 892 gentina,
285 823 312 876 in
336 822 453 876 medium
477 823 643 894 pediceilum
666 823 781 878 subinde
799 823 955 948 producta,
980 825 1163 947 persistente,
1187 823 1358 890 brevissima,

132 894 233 948 lineam
257 893 357 964 longa,
380 891 518 962 filiiormi,
543 894 736 962 teretinscula,
762 911 797 948 an
818 895 880 964 ique
900 894 979 949 stella
992 895 1015 950 is
1034 893 1256 950 albida-cinereis
1275 893 1359 950 dense

132 971 301 1028 tomentosa3
326 961 682 1036 bracteatypnnntpctna
700 965 878 1036 persistente,
904 966 1057 1038 tripartita,
1077 965 1200 1037 calycem
1219 963 1358 1018 dimidiant

132 1043 278 1104 aequante,
297 1035 416 1090 laciniis
433 1033 593 1102 linearibus,
612 1035 692 1106 apice
704 1035 909 1104 obtusiusculis,
928 1036 990 1107 pilis
1003 1036 1129 1105 stellatis,
1148 1033 1219 1090 facie
1233 1034 1359 1101 cinereis,

132 1103 219 1162 dorso
243 1104 419 1174 ferrugineis,
442 1103 528 1160 dense
546 1105 722 1173 tomentosis,
742 1106 851 1163 deatum
868 1105 990 1162 reflexis.
1028 1105 1123 1178 Culpa
1141 1105 1358 1178 campanulatus,

132 1175 266 1230 diametro
290 1175 401 1230 circiter
419 1171 560 1244 blineari,
584 1177 611 1229 in
639 1173 711 1230 ilore
730 1194 855 1248 expanso
873 1171 1014 1244 blimart,
1038 1177 1066 1232 in
1083 1186 1227 1262 segmenta
1245 1171 1276 1243 5,
1301 1174 1359 1230 lere

130 1245 208 1302 basin
226 1263 313 1316 usque
324 1246 420 1314 incisa,
439 1244 573 1317 partitum
592 1252 750 1318 segmentis
763 1245 1033 1316 ovato-lanceolatis,
1051 1256 1150 1316 aetrtrs,
1168 1263 1255 1302 nervo
1268 1245 1359 1300 medio

130 1315 259 1392 cariaali,
278 1315 371 1372 valido
389 1315 542 1384 instructis,
567 1315 853 1384 reticulatovenosis,
873 1317 945 1372 laete
964 1318 1068 1390 roseis,
1087 1316 1158 1372 iacis
1176 1315 1358 1389 glaberrimis,

131 1387 215 1444 dorso
233 1385 350 1444 stellulis
368 1385 449 1454 albis,
467 1386 627 1442 brevissime
637 1387 760 1455 radiatis,
779 1388 982 1444 remotiusculis
1000 1389 1167 1460 conspersis,
1186 1395 1213 1442 et
1230 1387 1256 1442 in
1270 1404 1357 1444 nervo

131 1457 259 1526 carinali,
277 1457 393 1512 stellulis
411 1455 602 1530 rigidioribuS,
620 1457 785 1530 ferrugineis
803 1460 915 1530 insuper
954 1459 1078 1526 caeditis,
1097 1459 1204 1512 demum
1220 1457 1357 1514 scarioso·

131 1527 353 1582 membranaceis.
391 1525 502 1582 Patala
529 1527 612 1583 nulla.
650 1527 822 1585 Filomeuta
840 1527 871 1597 5,
894 1478 1050 1598 lililormia,
1076 1530 1135 1584 basi
1157 1529 1259 1596 libera,
1283 1538 1357 1584 atro·

132 1613 286 1670 purpurea,
312 1596 360 1663 ill,
380 1597 427 1652 lin.
446 1597 504 1651 lere
522 1596 616 1669 longa.
653 1598 806 1654 Aetherea
824 1597 1100 1671 glauco-pruinosae,
1121 1599 1274 1668 oblongae,
1294 1599 1356 1652 sub·

131 1673 303 1738 tetragonae,
320 1667 419 1721 lineam
437 1669 484 1722 vin
503 1677 664 1736 aequantes,
682 1668 760 1722 sulco
774 1669 878 1722 dorsali
891 1678 1032 1737 exaratae,
1052 1671 1178 1738 utrinque
1191 1669 1357 1740 strbernargi·

132 1749 223 1805 natae,
241 1737 300 1792 basi
319 1736 489 1808 longiuscule
508 1737 622 1805 liberae,
642 1747 669 1793 et
687 1739 785 1792 media.
795 1737 925 1808 insertae,
944 1740 1031 1794 latere
1050 1740 1180 1793 interiore
1198 1739 1275 1810 poris
1290 1737 1357 1790 dno·

131 1809 182 1862 bus
206 1807 375 1878 apicalibus,
400 1809 427 1861 in
452 1809 546 1860 rimam
569 1807 728 1878 lateralem,
754 1809 908 1864 obsoletam
926 1809 1150 1876 decurrentibus,
1174 1809 1356 1864 dehiscentes.

134 1877 280 1934 Ooorium
291 1877 397 1945 sessile,
410 1877 718 1949 ovoldeo-spbaericum
741 1879 880 1947 mutieum,
892 1879 1017 1934 obsoleto
1031 1879 1204 1947 danicarum,
1216 1879 1279 1950 pilis
1293 1879 1357 1932 stel-

130 1950 208 2016 latis,
227 1949 380 2002 stramineis
400 1948 484 2003 dense
502 1956 699 2016 tomentosnm,
718 1921 887 2014 l-tocntare3
904 1951 1011 2006 lectulis
1028 1948 1216 2005 i·3-ovulatis.
1255 1948 1358 2020 Styius

130 2021 233 2087 brevis,
251 2019 349 2074 lineam
362 2018 469 2090 longus,
488 2019 663 2090 cylindricus,
677 2021 735 2075 sive
748 2022 858 2076 omnino
871 2022 976 2092 glaber,
989 2022 1048 2076 sive
1060 2021 1120 2076 basi
1133 2020 1247 2076 stellulis
1260 2021 1357 2091 paucis

132 2103 312 2159 conspersus,
336 2094 476 2162 aliquante
500 2091 624 2159 aequali,
649 2099 778 2144 truncato
801 2093 971 2147 terminatus,
1016 2091 1057 2146 Ga
1080 2091 1147 2146 sula
1171 2098 1294 2146 motura
1318 2091 1356 2153 (in

131 2161 279 2232 specimine
297 2159 471 2228 Baueriano)
495 2161 614 2226 sessilis,
634 2161 817 2230 magnitudine
836 2162 894 2216 iere
912 2163 965 2232 pisi
983 2111 1209 2228 sativl’minoris,
1229 2159 1357 2226 ovoidea,

131 2227 274 2285 maniiesta
297 2228 447 2297 iisulcata,
472 2229 534 2301 pilis
553 2231 683 2299 stellatis,
700 2232 855 2286 stramineis
873 2232 1033 2286 densissime
1052 2232 1157 2298 obsita,
1181 2230 1356 2292 3·locularis;
1376 2275 1379 2282 ,
1411 2227 1418 2252 ’

131 2301 236 2357 lanulis
253 2301 325 2354 intus
344 2299 498 2372 puberulis,
519 2303 725 2372 monospermis.
752 2301 877 2357 Semina
895 2303 931 2356 ad
948 2303 1027 2358 basin
1046 2303 1107 2356 anis
1126 2301 1254 2357 centralis
1271 2301 1357 2354 disse-

130 2373 314 2443 pimentorum
333 2369 436 2438 allisa,
455 2371 590 2444 oblonga,
609 2373 734 2444 utrinque
753 2373 863 2442 obtusa,
880 2373 978 2427 lineam
997 2373 1092 2446 paullo
1111 2371 1283 2438 excedentia,
1300 2370 1356 2426 lae-

130 2443 187 2509 via,
205 2441 403 2512 subpubernla,
422 2441 501 2496 fusca
520 2451 546 2498 et
564 2443 674 2514 punctis
693 2443 777 2514 nigris
795 2443 966 2500 creberrimis
979 2459 1138 2516 conspersa,
1157 2440 1357 2514 strophioiata;

129 2511 295 2586 strophiolo
313 2513 441 2579 basilari,
456 2511 552 2581 brevi,
572 2515 734 2583 stramiaco,
752 2513 816 2568 hinc
833 2515 941 2584 integro
958 2515 1004 2569 vel
1023 2521 1150 2581 crenato,
1169 2513 1243 2566 illinc
1261 2510 1356 2566 bifido.

201 2606 271 2664 Obs-
307 2605 383 2662 llaec
413 2609 520 2679 speeies
551 2621 652 2664 revera
674 2591 791 2668 fluctuat
813 2611 885 2664 inter
913 2607 1092 2666 Thomasiao
1116 2618 1144 2663 et
1168 2607 1359 2682 Lasiopetulr'

149 2694 240 2734 onera,
281 2677 351 2734 Hine
377 2678 583 2736 innotescenda
608 2697 734 2751 cyrnosa,
764 2687 791 2736 et
817 2679 939 2736 antheris
966 2682 1043 2753 poris
1066 2680 1175 2737 duobus
1204 2678 1357 2750 apicalibus

130 2697 345 2818 lentscemtbus,
369 2749 405 2804 ad
424 2749 614 2824 Lusiopetalr'
630 2766 715 2820 genus
733 2751 856 2819 accedit,
882 2751 957 2806 illinc
975 2753 1008 2806 sti
1031 2751 1082 2805 ulis
1101 2751 1204 2822 magnis
1223 2749 1357 2814 ioliaceis,

130 2821 285 2892 petalorum
307 2819 431 2888 delectu,
459 2821 555 2892 calyce
584 2837 684 2890 magno
709 2821 919 2878 membranaceo
968 2771 1121 2890 etaloideo,
1152 2831 1178 2876 et
1201 2819 1297 2874 babitu
1322 2818 1356 2872 ab

131 2891 227 2945 eodem
252 2907 351 2962 genere
374 2889 521 2958 abhorret,
550 2897 576 2946 et
597 2891 775 2946 Thomastue
797 2909 882 2961 genus
908 2894 1024 2963 attingit.
1061 2891 1130 2945 Sela
1154 2889 1262 2960 quidem
1286 2891 1358 2943 inter

131 2979 225 3016 omnes
243 2977 428 3032 congeneres,
447 2960 525 3030 cujus
543 2960 750 3016 inflorfescentia
767 2979 822 3016 uon
840 2964 874 3016 sit
892 2979 1050 3030 racemosa,
1070 2962 1144 3028 sola,
1164 2959 1245 3030 eujus
1263 2959 1356 3014 anthe-

131 3049 179 3087 rae
198 3049 254 3084 non
272 3031 342 3094 rima
358 3029 467 3086 laterali
486 3032 612 3098 utrinque
631 3031 790 3098 dehiscant,
809 3039 929 3086 attamen
949 3031 1050 3086 multae
1069 3039 1133 3084 sunt
1151 3031 1272 3100 species,
1291 3046 1357 3098 qua·

131 3119 192 3155 rum
210 3097 343 3154 antherae
361 3117 417 3153 non
435 3108 494 3152 tota
511 3099 682 3170 longitudine
700 3099 852 3154 lateraliter
871 3100 1021 3166 dehiscant,
1039 3101 1145 3154 etiamsi
1164 3100 1232 3153 rima
1249 3097 1358 3154 laterali

131 3173 218 3224 atinus
237 3165 364 3224 obsoleta
381 3170 530 3223 instructae
548 3173 611 3237 sint,
630 3187 711 3240 quarn
725 3169 856 3226 antherae
872 3169 1049 3228 Thomosiae
1062 3169 1224 3225 discoloria.
1253 3169 1358 3224 Harum

131 3258 199 3296 vcro
234 3239 381 3294 nonnullas
405 3239 455 3294 cel.
476 3239 537 3311 Gay
561 3241 623 3312 ipse
651 3259 668 3294 a
690 3257 791 3310 genere
816 3258 866 3294 suo
891 3259 946 3296 non
971 3259 1000 3294 se
1023 3241 1126 3309 aravit,
1160 3241 1263 3312 quippe
1287 3256 1358 3309 quara

131 3310 226 3366 babitu
250 3310 366 3364 caeteris
389 3309 586 3381 congeneribus
612 3320 689 3367 arcte
714 3311 877 3382 conjunctae
900 3312 961 3366 sint.
998 3260 1093 3381 llaque
1118 3320 1231 3365 nostrae
1256 3309 1358 3381 speciei

132 3383 223 3436 locum
241 3379 353 3434 servavi
370 3380 397 3433 in
415 3397 450 3435 eo
469 3397 580 3452 genere,
600 3379 678 3452 cujus
698 3381 819 3436 habitum
837 3383 876 3436 ita
894 3380 1036 3436 manifeste
1055 3397 1124 3452 prae
1140 3397 1170 3436 se
1188 3380 1251 3446 lert,
1269 3395 1359 3448 neque
1426 3445 1431 3456 ι

131 3453 190 3506 ullo
216 3451 299 3505 modo
322 3452 520 3518 consentirem,
545 3453 647 3522 siquis
671 3469 731 3508 eam
755 3453 783 3506 in
805 3469 907 3506 novum
932 3466 1018 3524 genas
1035 3450 1186 3506 transferre
1203 3450 1297 3505 vellet.
1333 3449 1358 3502 Ε

132 3523 272 3576 contrario
291 3521 399 3592 species
418 3520 469 3574 hae
487 3522 664 3578 intermediae
677 3525 734 3578 sive
748 3523 892 3578 anomalae
905 3523 1014 3578 maximi
1028 3523 1157 3576 momenti
1169 3529 1232 3574 strnt
1244 3520 1282 3574 ad
1294 3535 1358 3573 cnu-
1439 3523 1443 3529 ’

132 3593 288 3648 tinuandam
307 3592 406 3646 seriem
424 3608 570 3663 generum,
590 3602 617 3648 et
635 3593 669 3647 ad
688 3593 850 3648 firmandam
870 3603 993 3650 catenam
1014 3610 1103 3649 rerum
1122 3591 1295 3646 naturalium.

131 3803 256 3878 Sentio
274 3803 321 3877 ll.
356 3760 625 3876 ‘Daonaoaaar
653 3801 868 3877 Filumentis
899 3769 1134 3896 ·to,attem1⁴s
1161 3762 1357 3878 sterilibus

135 3971 183 4038 tt.
218 3971 486 4046 Tiromasia
508 3973 769 4044 solonaeen
793 3977 873 4058 aaa.

218 4091 277 4159 Tb.
311 4100 512 4170 temeratum,
545 4090 635 4160 foliis
671 4091 839 4178 petiolatis
867 4075 975 4160 utatis
1003 4095 1149 4160 cordatis
1178 4090 1358 4159 tlt-tobis

132 4177 282 4262 utrinque
305 4179 661 4270 tomentosis2petalis
683 4183 714 4244 5.
1286 4195 1290 4199 ·

194 4281 197 4286 ’
267 4279 436 4342 Hortensia
468 4279 638 4346 solnnoeeo
657 4280 763 4368 ,Gayl
796 4279 819 4349 l.
849 4303 877 4348 c.
911 4305 940 4369 p.
963 4281 1038 4364 456.
1066 4281 1129 4348 No.
1152 4281 1183 4344 3.
1212 4277 1276 4342 tab.
1304 4276 1357 4350 ils

216 4358 272 4450 bg.
297 4363 400 4434 1-7.
429 4358 506 4430 DC!
535 4369 647 4449 prodr.
680 4363 716 4436 T.
743 4371 770 4432 l.
803 4391 834 4452 p.
857 4365 929 4434 489.
959 4367 1022 4436 No.
1044 4368 1074 4436 3.
1105 4358 1297 4432 Ertdliclrer!
1326 4359 1359 4420 in

218 4453 333 4516 Enum.
356 4448 458 4534 plant.
480 4448 564 4535 lliig.
587 4473 664 4538 pag.
688 4455 739 4518 li.
762 4453 825 4520 No.
847 4453 899 4520 37.
1092 4511 1093 4516 ,
