3080 4880
607 152 993 224 ...ml-...-

315 339 538 404 ,Macartburt'o
553 341 708 404 australis
729 337 816 426 ittig.
831 338 916 406 mss!
939 331 1120 404 Endlieher
1134 335 1166 400 in
1182 335 1298 402 Eoum.
1312 333 1416 420 plain.

272 424 382 510 Hiigcl
410 423 432 487 1.
455 445 484 488 c.
511 423 576 490 No.
598 424 650 490 34.
681 423 838 492 Hookerl
873 425 961 492 loon.
990 422 1092 509 plant.
1121 420 1159 486 Τ.
1182 423 1201 485 5
1230 421 1302 486 sive
1331 419 1371 488 Τ.
1398 423 1415 486 l

272 511 379 592 (Now
409 509 544 590 Series)
572 512 639 575 tab.
661 510 734 578 408.
764 511 917 578 Steudel!
945 511 979 575 in
1006 507 1122 574 Lehm.
1153 505 1258 574 Plaut.
1290 502 1417 575 Preiss
1516 579 1518 594 ⁴

271 595 310 660 u.
335 597 363 661 1.
385 616 419 679 p.
441 595 515 658 aaa
538 595 601 662 tvo.
626 598 654 660 r.

257 703 320 756 Hab.
338 702 363 751 ln
382 701 471 749 Novae
487 700 635 750 Hollaudiae
654 716 698 751 ora
715 700 987 751 australi-occidentali.
1017 699 1055 749 Ad
1071 700 1149 748 sinum
1168 698 1234 761 regis
1247 697 1351 760 Georgii
1363 699 1414 756 lll.,

186 771 275 836 lligel.
313 773 337 819 ln
357 771 518 820 Swnn-River
536 772 647 829 Colonia,
667 772 822 827 Drummond
841 771 884 834 (ex
902 771 932 822 cl.
951 767 1073 834 Hoolrer).
1106 771 1133 818 ln
1152 769 1264 818 arenosis
1282 769 1347 817 inter
1365 769 1415 817 iru-

186 843 247 892 tlces
269 844 336 892 circa
361 841 501 905 oppidulum
519 843 609 906 Pertb,
631 843 654 898 d.
676 837 716 891 17.
735 845 789 893 lan.
812 837 886 894 1839.
904 840 997 890 Preissl
1032 840 1122 908 (Herb.
1140 839 1233 888 Preiss.
1250 839 1298 890 No.
1320 833 1413 904 16111)
1472 843 1475 850 ·

187 927 212 961 r·
230 931 252 966 s.

134 984 144 998 ⁸
259 999 405 1084 specimen
429 996 612 1052 authenticum
632 996 811 1069 Hilgelianum
837 1006 864 1051 et
885 995 1035 1068 specimina
1051 993 1287 1049 Drumruondiana
1304 993 1415 1062 quidem

187 1087 242 1124 non
266 1070 338 1136 vidi,
363 1068 535 1128 nihilominus
559 1075 665 1134 tamen,
689 1075 851 1138 comparata
874 1066 955 1120 icone
980 1065 1014 1120 cl.
1033 1063 1156 1119 Hookeri
1183 1073 1210 1118 et
1229 1064 1415 1134 descriptione

187 1139 292 1194 fusiore
310 1140 344 1194 cl.
357 1137 527 1205 Endlicbsri,
546 1139 592 1193 vix
606 1155 639 1192 ac
656 1155 691 1192 ue
709 1139 755 1192 vix
771 1137 880 1207 quidem
892 1135 997 1204 dubito,
1013 1135 1081 1259 „puin
1093 1135 1243 1205 specimina
1254 1133 1416 1188 Preissiana

188 1227 293 1333 revppa¹
306 1209 545 1332 bucdpertiueaut,
570 1209 675 1262 etiamsi
694 1206 852 1262 observatio
871 1223 932 1261 mea
946 1221 1017 1276 quoa
1054 1222 1195 1261 numerum
1212 1204 1416 1260 filameutorum

209 1298 243 1334 au
266 1297 339 1335 uurn
376 1281 437 1334 iver
455 1279 483 1334 it.

188 1299 207 1352 p
260 1349 364 1405 Flores
381 1295 454 1404 enirn}
469 1363 578 1420 semper
596 1349 756 1403 octondros
774 1347 845 1416 vidi,
868 1347 885 1403 i.
905 1365 928 1402 e.
946 1345 1104 1416 filamenta
1121 1343 1139 1398 8
1156 1345 1183 1399 iu
1201 1344 1328 1416 capulam
1345 1344 1417 1416 ipsis

80 1447 84 1454 ·
188 1420 379 1492 aequilongam
401 1420 497 1473 eodem
522 1418 604 1473 modo
628 1427 760 1486 connata,
784 1427 814 1472 ut
835 1419 863 1472 iu
889 1416 981 1490 ligura
1004 1417 1021 1467 “l
1044 1417 1131 1472 iconis
1153 1415 1349 1471 Hoolrerianae
1367 1415 1416 1468 de·

187 1491 319 1548 lineatum
337 1497 387 1544 est.
404 1487 567 1544 'Stamina
588 1489 618 1539 lo
636 1507 687 1544 nec
705 1490 732 1543 in
752 1489 807 1542 ullo
827 1487 913 1557 ilore,
930 1504 982 1542 uec
1000 1488 1028 1542 in
1047 1487 1103 1541 ullo
1122 1485 1279 1554 alabastro,
1297 1501 1418 1556 quorum

187 1561 251 1634 plus
264 1579 345 1630 quam
361 1559 396 1612 ‘ro
414 1561 499 1628 secui,
518 1559 675 1614 observavi.
711 1559 780 1614 Hinc
794 1559 903 1630 quidem
921 1559 1015 1616 oritur,
1026 1556 1080 1611 llos
1093 1557 1175 1611 valde
1192 1556 1366 1628 irregularis!
1381 1585 1416 1594 —

189 1631 351 1688 Aesttoatio
370 1631 481 1703 colpots
504 1632 574 1685 enirn
593 1640 635 1684 est
653 1631 851 1700 quincuncialis
869 1630 940 1696 (sive
958 1628 1042 1700 vulgo
1061 1627 1235 1694 imbricata),
1259 1635 1286 1681 et
1304 1627 1419 1696 quidem

188 1701 243 1756 boc
261 1703 359 1758 modo:
374 1701 483 1776 petala
501 1700 572 1757 bina
590 1702 796 1772 approximate,
812 1700 1018 1774 separa-trote
1029 1703 1156 1760 totenais
1168 1699 1285 1764 alterna,
1302 1697 1420 1770 sepulte

189 1772 266 1829 hints
278 1778 411 1829 camois
428 1790 445 1828 o
468 1773 558 1843 posita
575 1780 647 1839 suut,
667 1780 694 1826 et
707 1773 848 1858 petalum
860 1776 999 1846 quintum
1016 1769 1178 1838 solitarium,
1195 1787 1210 1824 s
1250 1769 1298 1823 alo
1311 1772 1420 1840 potato
1515 1759 1518 1772 '

188 1841 252 1898 bine
270 1853 392 1915 tegente,
416 1843 488 1897 illruc
507 1850 596 1909 tecto,
616 1855 773 1913 oppositum
792 1851 841 1898 est.
879 1841 1020 1898 Stamina
1038 1839 1070 1910 8,
1089 1847 1116 1894 et
1131 1837 1204 1912 styli
1245 1839 1298 1907 ‚in
1316 1840 1419 1894 ovario

188 1913 338 1968 3·loculari
356 1913 559 1986 asymmetriam
578 1912 732 1966 absolutam
751 1913 876 1968 reddunt.

259 1985 389 2039 Fructum
408 1985 515 2038 unicum
534 1991 683 2052 maturum,
703 1984 737 2038 cl.
756 1981 923 2037 Endlichero
942 1983 1078 2054 ignotum,
1097 1981 1137 2034 sic
1156 1979 1317 2034 observavi:

262 2053 393 2129 Capsula
411 2055 533 2126 calycem
554 2054 705 2126 paullisper
723 2071 858 2125 superans
877 2053 1007 2121 obovata,
1025 2052 1086 2106 basi
1101 2049 1253 2122 paullisper
1265 2059 1422 2118 attenuata,

187 2121 318 2180 infundo
337 2142 408 2198 poro
427 2125 545 2179 rotundo
565 2123 715 2194 perforata,
734 2125 842 2183 demum
859 2124 988 2179 liberast
1004 2122 1147 2178 tuberculo
1166 2121 1252 2190 brevi,
1271 2119 1423 2178 latitudine

188 2197 267 2267 pori,
291 2195 479 2268 appendicula
496 2195 720 2262 membranacea,
743 2197 883 2262 scariosa,
907 2195 1016 2263 lacera,
1040 2197 1087 2253 (an
1106 2191 1218 2247 residua
1237 2191 1421 2262 strophioli‘i)

189 2275 273 2320 aucto
296 2267 441 2338 imposita,
466 2265 591 2322 obsoleto
615 2267 737 2334 trione,
763 2266 942 2338 glaberrima,
966 2264 1105 2320 levissime
1124 2271 1269 2336 punctata,
1292 2261 1422 2330 nitidula,

188 2334 360 2392 3·looularis.
396 2336 505 2394 Loortlt
520 2337 593 2392 intus
611 2285 715 2408 818111,
732 2337 832 2405 lucidi,
851 2336 977 2406 utrinque
993 2334 1140 2390 loculioide
1159 2332 1338 2401 dehiscentes,
1358 2333 1421 2388 dis·

188 2411 362 2481 sepimentis
385 2407 493 2463 demum
518 2406 658 2463 obsoletis.
696 2405 872 2484 Periccrpii
894 2406 1052 2461 membrana
1075 2405 1191 2475 duplex,
1216 2403 1266 2456 sed
1289 2410 1348 2455 arte
1368 2404 1422 2458 vix
1507 2397 1518 2464 t

120 2514 125 2524 -
190 2479 362 2548 separanda,
387 2479 516 2532 interiore
541 2478 673 2531 tenuiore.
711 2475 837 2532 Serreion
859 2478 886 2530 iu
905 2477 1003 2546 quovis
1026 2475 1119 2530 loculo
1137 2473 1276 2536 solitaria,
1300 2469 1361 2522 basi
1380 2473 1425 2528 ad

189 2548 370 2615 tuberculum,
389 2549 521 2619 capsulae
540 2564 638 2619 porum
653 2545 810 2670 periurans,
829 2545 965 2600 mediante
999 2543 1120 2600 articulo
1131 2538 1299 2596 ambercourt
1311 2539 1424 2610 planiu-

190 2617 279 2684 sculo‚
297 2617 422 2671 umbrino
440 2617 536 2684 affixa,
554 2617 651 2687 subglo
673 2633 733 2682 osa,
753 2617 890 2682 aterrlma,
907 2615 1078 2680 nitidissima,
1096 2610 1260 2676 laevissima,
1278 2609 1422 2666 diametro

188 2685 247 2742 lere
265 2687 374 2755 lineari,
393 2686 454 2740 basi
472 2686 669 2758 strophiolata3
686 2684 851 2758 strophiolo
870 2682 1051 2753 cupuliiormi,
1069 2681 1172 2736 semiue
1190 2679 1301 2734 dimidio
1320 2681 1421 2750 paullo

189 2757 334 2825 breviore,
358 2757 522 2824 straminea,
545 2757 666 2826 margine
691 2754 820 2823 obliquo,
838 2753 1001 2818 ,crenulat03
1025 2751 1086 2808 bilo
1104 2749 1295 2822 punctiiormi,
1320 2751 1421 2821 paullo

189 2844 275 2898 supra
293 2827 372 2882 basin
384 2825 559 2889 sublaterali3
577 2825 675 2899 rapite
690 2823 783 2889 brevi3
801 2828 1002 2908 tnteqnmeoto
1018 2827 1146 2896 proprio
1159 2829 1313 2891 crustaceo,
1331 2825 1420 2891 tenui,

162 2961 163 2964 Ἰ
188 2897 261 2952 intus
280 2897 454 2952 subtilissime
473 2903 618 2969 punctam,
643 2894 775 2949 enucleo
793 2882 921 2960 facillime
940 2894 1106 2964 separando.
1142 2891 1300 2946 Sectionem
1317 2893 1423 2950 nuclea

189 2968 371 3024 albumtnost
392 2967 537 3022 infeliciter
561 2975 588 3020 et
608 2965 728 3021 tortasse
753 2965 862 3019 sinlstre
885 2964 1005 3032 institui,
1030 2980 1116 3035 quare
1138 2963 1220 3017 situm
1239 2961 1419 3034 embrponts,

190 3040 400 3110 cotyledonrrm
425 3047 452 3094 et
475 3036 634 3093 radiculae
655 3054 710 3091 non
731 3037 782 3091 rite
801 3035 963 3104 observavi,
989 3034 1064 3160 ‹puod
1083 3052 1117 3090 eo
1135 3033 1220 3160 mapis
1239 3033 1335 3101 doleo,
1360 3049 1419 3104 quo

189 3111 276 3181 magis
299 3110 378 3164 locus
402 3109 514 3180 plantae
537 3118 649 3162 nostrae
674 3108 701 3161 iu
725 3113 874 3178 systemate
896 3106 1014 3160 naturai
1039 3105 1130 3160 adhuc
1148 3103 1230 3160 vade
1249 3102 1347 3161 dubius
1365 3112 1417 3158 est.

189 3179 236 3236 Ad
259 3179 435 3251 repetendum
461 3187 597 3234 tentameu
619 3178 724 3234 semina
747 3185 854 3234 matura
879 3176 942 3235 mihi
960 3175 1087 3245 deerant,
1111 3182 1275 3248 suppetente
1293 3175 1418 3230 nonnisi

191 3251 272 3304 unica
290 3250 406 3324 capsula
424 3259 539 3305 mature.

192 3388 221 3451 2.
274 3385 601 3458 nraeartnuria
620 3383 797 3456 foliosa
822 3387 942 3448 Preiss.
966 3367 1044 3450 mss.

277 3488 321 3551 Μ.
348 3488 536 3573 pedunculo
565 3487 704 3554 radicali
733 3488 835 3552 ramis
864 3487 1033 3553 sterilibus
1061 3488 1157 3572 apice
1180 3487 1419 3554 abortientibus

190 3573 358 3640 multoties
388 3575 544 3656 breviore¹
564 3574 663 3658 apice
686 3575 791 3657 cymis
818 3571 1002 3640 multifloris
1025 3573 1262 3657 approximatis
1285 3570 1417 3638 confer·
1517 3599 1518 3610 ¹

190 3658 233 3722 tis
254 3659 439 3736 terminato,
462 3659 552 3724 soliis
573 3657 786 3725 inferioribus
807 3658 988 3732 linearibus
1008 3659 1236 3743 superioribus
1252 3657 1417 3742 angustis·
1517 3673 1518 3676 ’

190 3744 283 3814 simis
305 3743 636 3813 bracteael'ormibus.

321 3848 545 3913 Macortboria
558 3850 683 3928 foliosa
703 3845 828 3910 Preiss.
844 3845 929 3912 mss!
954 3844 1108 3911 Steudel!
1131 3803 1293 3926 iuliehm.
1313 3843 1417 3908 Plant.

278 3931 401 3998 Preiss
426 3931 464 3995 T.
490 3933 516 4000 l.
539 3953 572 4015 p.
596 3933 666 3997 230.
689 3933 750 3997 Νο.
774 3933 804 3996 9.

261 4039 325 4090 Halo.
351 4041 377 4088 in
394 4039 482 4088 Novae
500 4037 647 4086 liollandiae
671 4053 716 4086 ora
738 4037 1026 4093 australi-occidentali,
1050 4037 1075 4084 in
1099 4036 1209 4084 arenosis
1233 4037 1318 4099 sylvae
1341 4049 1419 4100 prope

190 4110 265 4158 Bull's
278 4110 358 4170 creelr,
379 4109 450 4158 distr.
470 4107 553 4167 Pertlr,
573 4106 598 4154 d.
620 4103 658 4160 18.
671 4107 803 4156 Novembr.
820 4102 895 4156 1841.
914 4107 1010 4157 l'reiss!
1047 4105 1135 4169 (Herb.
1149 4107 1241 4160 Preiss.
1260 4107 1308 4156 No.
1325 4101 1418 4172 lotis)

192 4193 215 4228 v·
236 4197 255 4230 s.

177 4267 182 4272 “
263 4266 379 4338 Species
410 4261 630 4318 distinctissime!
671 4259 811 4317 Suffrutex
841 4262 958 4318 humilis.
1005 4261 1109 4317 Badis
1139 4278 1253 4329 crassa,
1284 4261 1418 4316 diametro

191 4335 362 4420 saltumn,
379 4335 501 4420 lignosa,
520 4332 656 4404 perennis,
676 4332 792 4416 caulem
809 4333 942 4388 sterilem
960 4332 1054 4405 paullo
1073 4349 1159 4406 supra
1175 4332 1254 4387 basin
1273 4333 1299 4386 in
1318 4349 1435 4388 ramos‘

193 4422 299 4482 paucos
322 4405 551 4478 simplicissimos,
575 4403 620 4457 vel
639 4419 717 4474 aprce
736 4403 870 4462 ramulum
887 4421 970 4459 uuum
987 4403 1140 4460 alterumve
1158 4404 1326 4471 emittentes,
1350 4402 1418 4458 divl-
