3070 4876
617 173 717 254 ..4
771 195 849 266 303
899 235 1001 246 ...-

187 381 342 447 rotundatu
361 396 441 451 quam
464 381 491 434 ln
516 379 660 452 speciebus
678 380 923 452 praecedentibus,
947 379 1180 449 suborbicularia,
1204 379 1288 434 deuse
1306 379 1420 449 sericea,

194 453 343 510 caruncula
361 451 470 505 omnino
489 451 634 520 destituta,
659 468 738 506 coma
756 451 909 519 albissima,
928 447 944 502 3
962 451 1008 505 lin.
1027 451 1111 522 longa
1128 450 1264 518 involuta,
1283 459 1420 504 caeterum

194 525 271 579 utin
309 538 397 576 enere.
1186 549 1188 555 ·

266 541 334 646 oia.
369 591 471 646 Planta
488 591 572 646 valde
589 590 731 646 variabilis
751 599 807 646 est..
832 590 928 646 Variat
947 591 1031 646 enirn:
1051 591 1138 646 caule
1165 590 1267 644 tercius
1284 590 1343 645 sive
1357 590 1420 644 deu·

195 664 252 716 slus
273 662 380 730 loliato,
387 662 482 785 F[ollis
499 663 644 716 latioribus
663 661 931 785 angustioribnsqne,
949 660 1074 732 floridas
1091 661 1185 732 paulo
1203 659 1354 730 majoribus
1363 661 1421 716 sive

193 733 350 786 minoribus.
410 749 529 786 ormam:
552 733 630 786 caule
651 749 705 804 pau

193 803 257 872 bus,
277 802 373 870 (Herb.
392 801 496 857 Preiss.
515 801 572 858 No.
585 801 654 854 utta
674 811 701 856 et
718 802 793 857 herb.
813 801 993 856 Drummond.
1012 800 1069 854 No.
1087 800 1152 864 titt)
1172 801 1205 857 cl.
1225 801 1339 855 Steudel
1359 819 1381 856 s.
1394 819 1419 855 u.

184 872 446 946 &memoramus
492 874 654 941 orvillorae
677 873 695 926 l.
715 891 738 926 c.
764 873 924 942 descripsit3
954 871 1002 926 sed
1028 871 1104 924 nullo
1127 870 1211 926 modo
1235 882 1380 942 praeterea
1404 890 1420 925 a

192 942 281 997 torma
298 943 408 1014 vulgari
426 891 530 1012 diflert,
550 952 576 997 et
594 961 628 998 ne
646 944 810 998 varietatem
828 943 938 1012 quidem
955 942 1121 1012 singularem
1141 941 1259 996 exhibet.

208 1025 214 1034 ·
261 1013 363 1068 Forma
381 1013 466 1068 multo
485 1015 572 1084 magis
591 1014 738 1083 peculiaris
758 1021 813 1067 est:

279 1121 343 1164 var.
364 1103 401 1184 β)
424 1097 624 1172 latifolia,
654 1099 736 1161 foliis
767 1099 891 1160 caulinis
913 1099 1102 1161 inferioribus
1125 1099 1279 1162 latissimis
1300 1100 1419 1162 obora-

320 1190 360 1248 tis
381 1187 562 1248 mucronatis
584 1187 651 1250 basi
673 1187 837 1272 attenuatis
861 1184 1053 1267 capsulisquc
1076 1186 1274 1264 longioribus.

193 1319 197 1326 ·
261 1291 324 1342 ilab.
343 1291 369 1337 iu
382 1289 469 1338 Nouae
481 1288 629 1338 Hollandiae
642 1303 687 1336 ora
700 1289 972 1346 australi-occidentali,
990 1289 1013 1336 in
1028 1291 1188 1339 swan-River
1200 1289 1310 1338 Colonia.
1329 1285 1419 1349 (llerb.

191 1359 347 1409 Drumuroud.
365 1360 469 1410 Collect.
491 1355 513 1408 l.
533 1359 582 1409 No.
601 1353 678 1420 titt)
715 1360 743 1410 V.
763 1375 782 1409 s.
802 1359 827 1406 in
845 1360 959 1408 herbario
978 1361 1085 1421 palatino
1104 1356 1301 1411 vindobonensi!

193 1459 197 1465 ·
263 1443 334 1498 Tota
359 1442 454 1514 planta
478 1442 617 1514 robustior
642 1451 700 1510 est,
724 1440 870 1514 ipedstts.
908 1441 996 1498 Folia
1013 1443 1164 1514 inferiora
1182 1443 1318 1510 eborata,
1342 1442 1420 1496 latis·

192 1515 268 1582 sima,
287 1514 347 1568 basi
366 1521 515 1581 attenuata,
535 1513 614 1584 apice
633 1513 750 1584 abrupte
768 1514 795 1566 in
814 1529 971 1566 mucronem
989 1515 1175 1569 acutissimum
1192 1514 1330 1581 abeuntia,
1347 1515 1421 1566 urar·
1454 1516 1468 1531 ’

191 1586 253 1656 gine
266 1601 392 1652 recurva,
411 1580 565 1655 pollicaria,
584 1592 611 1638 et
626 1581 672 1634 5-6
683 1583 729 1637 lin.
742 1583 814 1648 lata;
832 1587 992 1658 superiora
1004 1584 1103 1638 sensim
1116 1585 1284 1656 angustiora,
1301 1599 1423 1638 summ

193 1664 222 1709 nt
246 1655 274 1708 in
297 1654 384 1709 forma
410 1655 540 1725 primaria
564 1661 675 1708 setacen
693 1662 763 1708 sunt.
804 1653 952 1727 Capsnlc‘e
969 1653 1153 1724 majusculae,
1178 1652 1255 1722 5-51s,
1275 1655 1362 1710 lineas
1380 1655 1421 1708 in-

193 1726 306 1781 terdum·
326 1725 478 1793 excedunt,
501 1723 663 1780 seminibus
686 1740 755 1778 vero
778 1742 833 1779 nou
859 1724 984 1779 diversis.
1021 1723 1126 1780 Flores
1150 1725 1244 1782 forsan
1268 1724 1423 1795 paullulum

191 1795 325 1866 majores,
349 1803 487 1850 caeterum
506 1795 630 1850 omnibus
649 1793 774 1866 partibus
792 1811 845 1848 non
866 1793 999 1850 differunt.
1036 1795 1227 1851 verisimiliter
1245 1793 1332 1848 forma
1351 1795 1422 1850 baec

191 1867 218 1920 in
236 1867 297 1920 solo
317 1865 444 1921 uberiore
462 1874 527 1920 nuta
546 1875 603 1933 est,
623 1873 649 1918 et
669 1865 820 1920 certissime
838 1865 876 1920 nil
895 1873 937 1920 est
953 1865 1005 1920 nisi
1024 1867 1153 1922 varietas.

194 2039 244 2105 18.
277 2039 619 2130 cumcspcrma
640 2041 985 2112 nudiuscuium
1007 2043 1077 2104 Dc.

262 2139 505 2228 x(iglabrum,
526 2143 641 2209 radice
664 2143 865 2228 multicipite,
888 2144 1039 2209 caulibus
1062 2145 1247 2209 suberectis
1268 2143 1422 2229 virgatiS,

192 2227 335 2294 racemis
351 2227 555 2312 simplicibus
577 2218 784 2307 laxiusenlis,
806 2229 896 2296 soliis
913 2231 1062 2296 omnibus
1078 2239 1218 2316 anguste
1237 2229 1425 2296 linearibus

191 2313 247 2379 vel
269 2313 415 2379 setaceis
437 2314 561 2390 acutis,
584 2315 730 2380 bracteis
753 2314 945 2400 sepelisqne
968 2315 1114 2382 externis
1136 2313 1381 2382 obtusiusculis

324 2416 546 2498 Comcepermo
567 2419 760 2496 ncdiasculo
781 2415 852 2480 DC.
875 2417 986 2499 prodr.
1010 2416 1049 2481 Τ.
1074 2417 1099 2480 1.
1124 2438 1200 2501 pag.
1215 2417 1287 2480 334.
1309 2417 1372 2481 No.
1390 2417 1425 2484 7.

261 2521 325 2570 Hah.
351 2519 376 2568 in
394 2521 467 2568 Nova
484 2521 624 2569 Hellandia.
651 2521 724 2570 Ferd.
745 2519 837 2568 Bauer!
862 2522 894 2569 ad
912 2527 1010 2584 portum
1028 2523 1094 2582 regis
1112 2521 1237 2580 Georgii,
1255 2518 1431 2570 Lescbenault

192 2598 236 2658 (er
256 2591 286 2638 cl.
304 2590 378 2650 Dm).
407 2587 474 2652 (Vidi
492 2591 626 2653 specimina
644 2591 782 2638 Baucriana
800 2591 825 2638 iu
844 2590 958 2658 herbario
976 2593 1085 2653 palatino
1104 2589 1311 2652 vindobonensi)

263 2681 410 2752 Specirnen
434 2680 620 2734 authenticum
644 2680 681 2734 ad
705 2697 801 2734 manus
820 2680 929 2750 quidem
951 2699 1007 2735 non
1030 2681 1133 2749 babeo,
1158 2680 1331 2736 nihilomiuus
1349 2699 1425 2738 vero

192 2769 246 2804 non
266 2750 377 2818 dubito,
404 2752 468 2820 quin
486 2752 637 2822 specimina
654 2747 815 2805 Baueriana
834 2751 942 2804 omnino
961 2751 1014 2805 hnc
1033 2751 1202 2822 pertineant,
1227 2751 1328 2822 quippe
1347 2769 1425 2822 quae

193 2839 255 2875 curn
272 2820 351 2875 brevi
368 2821 493 2892 diagucsi
511 2822 538 2876 in
557 2821 590 2876 cl.
610 2819 754 2875 (landollei
772 2820 923 2891 prodromo
941 2820 959 2876 l.
976 2839 999 2876 c.
1019 2821 1120 2892 optime
1140 2823 1311 2877 conveniunt.

263 2891 336 2946 Tota
358 2891 453 2962 planta
475 2890 641 2964 glaberrima
659 2899 709 2946 est.
747 2889 853 2946 Radia
871 2891 990 2975 palaris,
1016 2908 1126 2960 crassa,
1154 2891 1424 2964 perpendiculariter

194 2962 379 3030 descendens,
413 2978 499 3034 parce
529 2978 652 3030 ramosa,
678 2960 750 3016 collo
781 2961 956 3033 multicrpite‚
991 2969 1018 3015 et
1046 2963 1073 3016 in
1096 2972 1176 3034 parte
1198 2964 1343 3034 superiore
1372 2981 1423 3018 eo·

194 3035 256 3089 dem
280 3031 422 3102 modonac
450 3034 477 3087 in
502 3031 647 3105 speciebus
673 3032 900 3103 praecedentibus
922 3033 1106 3102 integumento
1132 3035 1281 3104 spongioso
1306 3035 1422 3089 munita.

196 3103 301 3160 Cocles
318 3103 426 3174 plurimi
444 3103 596 3170 suberecti,
615 3103 777 3168 tenuissimi,
796 3103 962 3172 longissimi,
981 3104 1095 3174 virgati,
1114 3105 1300 3174 teretiusculi,
1318 3105 1422 3173 striati,

194 3174 239 3228 vel
270 3172 478 3243 simplicissimi,
506 3174 552 3228 vel
581 3174 636 3228 irna
662 3173 723 3227 basi
752 3173 834 3227 divisi
865 3174 941 3227 etin
965 3175 1107 3246 superiore
1131 3184 1210 3245 parte
1233 3176 1260 3228 in
1284 3176 1422 3230 ramulum

194 3261 276 3298 unum
291 3244 442 3299 alterumve
456 3245 596 3309 abeuntes,
616 3243 750 3297 diametro
763 3243 810 3298 vix
824 3242 999 3312 semilineari,
1017 3244 1066 3298 sed
1080 3245 1249 3299 altitudinem
1260 3243 1423 3316 i-pedaiem

194 3322 371 3385 superantes,
394 3312 467 3367 loliis
486 3313 545 3368 iere
563 3314 671 3366 omnino
691 3313 797 3381 orbati,
823 3324 849 3368 et
867 3314 907 3367 sic
925 3330 1070 3385 scoparum
1088 3316 1232 3386 imaginem
1251 3317 1330 3386 qrrasi
1347 3315 1422 3372 reie-

193 3392 301 3452 rentes,
331 3401 346 3438 e
377 3385 511 3456 capitibus
541 3383 641 3437 radicis
665 3393 818 3454 assurgunt.
861 3383 948 3440 Folia
971 3387 1170 3455 crassinscula,
1200 3403 1313 3457 sparsa,
1343 3402 1422 3456 rara,

194 3455 344 3526 iuferiora
362 3463 476 3525 anguste
493 3454 617 3521 linearia,
635 3453 755 3524 margine
774 3453 939 3523 subinflexa,
958 3454 1004 3507 t-tt
1020 3457 1067 3510 lin.
1086 3457 1179 3528 lunga,
1202 3456 1275 3524 ¹l,·¹l2
1292 3457 1336 3510 lin.
1349 3457 1422 3524 lata,

193 3533 287 3592 acuta,
304 3530 463 3598 superiora
475 3524 580 3590 dissita,
599 3524 716 3592 minima,
735 3531 854 3600 ariacas,
871 3526 970 3580 lineam
984 3527 1077 3596 paullo
1091 3528 1259 3582 excedentia.
1290 3527 1425 3583 Recenti

193 3596 366 3662 terminales,
383 3596 496 3664 breves,
516 3595 664 3666 pollicares
681 3594 726 3649 vel
746 3595 853 3649 demum
872 3597 966 3666 paullo
984 3597 1133 3669 longiores,
1152 3598 1234 3653 valde
1252 3600 1370 3668 angusti,
1390 3608 1423 3653 nt

192 3667 242 3719 *sis
265 3666 292 3720 in
317 3665 373 3718 ulla
392 3665 448 3718 alia
465 3666 574 3737 specie,
597 3665 752 3720 laniuscnli.
788 3665 937 3722 Pedicelli
959 3668 1074 3736 breves,
1098 3667 1230 3722 fructiferi
1251 3668 1352 3722 lineam
1370 3669 1421 3722 vin

193 3735 369 3803 excedentes,
390 3735 592 3806 erecto-patuli,
611 3737 691 3806 apice
704 3736 855 3792 incrassati.
886 3737 1037 3800 Bructerae
1048 3737 1233 3808 brevissimae,
1245 3738 1422 3806 latiusculae,

122 3823 125 3831 ’
192 3805 392 3874 subaequales‚
415 3806 460 3860 vel
482 3805 643 3861 intermedio
665 3806 825 3860 lateralibus
850 3808 946 3892 paullo
972 3808 1097 3878 longiore
1124 3807 1153 3875 Ἃ
1180 3809 1225 3863 lin.
1244 3809 1344 3880 longa,
1370 3808 1423 3862 ob·

195 3875 379 3942 tusluscnlae,
402 3876 545 3931 deciduae.
583 3875 688 3930 Floras
704 3878 731 3930 ln
749 3878 955 3948 speciminibus,
975 3895 1046 3946 quae
1063 3886 1226 3948 suppetunt,
1250 3881 1333 3950 pauci
1352 3895 1422 3934 ero·

193 3945 258 4012 luti,
282 3946 431 4000 siccatione
450 3945 532 4001 valde
548 3948 724 4016 compressi,
749 3948 975 4001 examinationem
993 3955 1151 4001 accuratam
1167 3965 1223 4002 non
1243 3950 1423 4018 admiserunt,

195 4032 280 4084 quare
297 4015 412 4069 formam
433 4017 586 4088 petalurum
600 4025 697 4072 exacte
710 4016 825 4072 delinire
842 4032 958 4086 nequeo.
988 4017 1135 4071 Sufficiant
1147 4034 1213 4090 ergo
1231 4037 1323 4091 pauca
1334 4019 1422 4074 baec:

195 4085 283 4140 'lotus
301 4085 356 4140 ilos
374 4086 391 4136 2
409 4086 454 4140 liu.
473 4088 572 4158 longus
591 4096 641 4141 est.
672 4085 787 4160 Scpola
805 4087 951 4140 :ierterno
963 4087 1020 4142 alis
1037 4086 1132 4158 paullo
1151 4088 1289 4154 breviora,
1311 4089 1357 4159 ¹¹l²
1372 4090 1422 4144 lin.

194 4157 287 4228 longa,
305 4156 493 4212 obtusiuscula
510 4157 575 4210 vidl.
607 4155 681 4210 Alae
699 4157 759 4211 basi
777 4158 804 4210 in
822 4173 939 4279 unguem
957 4157 1156 4226 brevissimum,
1171 4161 1265 4231 paullo
1283 4160 1423 4228 latiorem,

194 4244 276 4296 qnam
299 4228 327 4282 iu
345 4227 490 4297 speciebus
512 4226 755 4296 praecedentibus,
782 4227 854 4281 mani
867 4237 953 4282 estum
971 4237 1063 4284 tamen
1081 4237 1237 4286 attenuatae
1255 4239 1326 4286 sunt.
1363 4229 1424 4289 tini

195 4297 273 4352 color
292 4295 370 4350 floris
388 4295 484 4363 luerit,
505 4313 559 4350 non
577 4295 670 4364 liquet.
707 4296 880 4352 Filomeata
897 4315 995 4352 versus
1014 4299 1130 4353 medium
1150 4299 1314 4372 diadelpha,
1333 4315 1425 4370 supra

193 4369 311 4422 inedium
337 4367 431 4421 libera.
469 4364 571 4438 satas
595 4382 713 4437 superne
737 4376 884 4435 curvatus,
906 4368 1037 4437 bicrnris,
1052 4385 1143 4424 -crure
1161 4373 1305 4444 superlore
1323 4369 1424 4442 paullo

192 4437 290 4498 latiore
319 4455 402 4510 quam
430 4437 457 4496 in
487 4435 745 4510 praecedentius„
770 4437 915 4494 Orontem
947 4440 1084 4496 levissime
1111 4441 1272 4512 pubernlnm
1299 4441 1423 4498 videtur.

717 732 745 785 lo
765 733 875 786 densius
892 729 989 786 foliato
1008 731 1178 802 floribusque
1197 730 1292 802 paullo
1310 732 1419 785 minori·
1505 767 1506 770 κ

1499 2381 1506 2460 l
