3070 4876
531 149 915 222 *sul-.-

111 341 201 389 tamen
218 333 325 405 longior
344 343 401 400 est,
428 343 455 389 et
474 333 603 406 pollicem
621 334 783 406 saepissime
799 335 922 403 excedit,
948 345 1094 406 praeterea
1110 335 1200 392 iorma
1217 339 1335 409 pyrami·

110 403 284 472 dato-ovata,
301 414 366 460 ante
384 403 509 460 anthesln
526 404 608 460 valde
621 413 703 459 acuta
739 404 831 460 audet.
861 403 965 460 Floras
984 405 1041 460 lere
1055 407 1166 461 dimidio
1184 405 1335 476 breviores,

114 471 160 541 1¹),
179 474 225 529 lin.
248 476 388 529 rarissime
412 475 551 546 longiores
576 474 667 530 video.
737 475 783 530 lae
807 483 834 528 et
857 475 970 531 inlerior
994 481 1119 532 carinae
1143 493 1209 547 pars
1232 478 1336 548 pallide

110 542 202 600 flavae
221 552 293 612 sunt,
314 561 387 616 apex
407 544 561 599 cucullatus
579 561 680 598 aurens
698 555 748 600 cst.
785 545 896 601 Patala
911 551 1031 619 postica
1049 546 1208 618 plerumque
1226 549 1335 601 omnino

109 614 275 683 glaberrima
293 624 364 670 sunt
399 613 529 688 Capraria
546 616 695 670 straminea
713 616 878 687 aequilonga
896 616 1013 686 quidem,
1031 615 1081 672 sed
1094 618 1173 688 apice
1185 633 1220 670 au
1239 619 1335 684 nstlor,

109 686 157 738 vix
178 683 208 748 ll,
227 684 274 738 lin.
298 685 371 753 lata,
399 696 481 754 atque
502 702 608 739 summo
630 687 710 757 apice
735 687 833 742 iterum
851 687 946 757 paullo
964 695 1107 742 contracta
1125 697 1174 742 est.
1212 633 1337 742 gemina

110 754 221 808 densius
239 754 356 822 villosa,
374 755 570 823 albo-sericea,
590 764 617 812 ct
635 756 736 826 paullis
757 773 787 812 er
805 757 911 810 minora
928 757 1001 826 vidi,
1019 774 1100 827 quam
1119 759 1146 812 in
1166 755 1335 832 Cmnesper·

109 831 192 879 mate
226 842 289 880 aro.
327 823 484 879 Caruncnla
503 826 584 880 etiam
603 827 714 881 omnino
733 775 865 882 Restituta
883 834 954 882 sunt.

212 894 252 952 ds.
289 894 319 950 ln
343 903 458 965 utraque
481 897 575 968 specie
598 897 668 952 alae
691 898 822 954 corollae
835 898 949 972 petaltr
970 898 1025 952 lma
1047 898 1107 952 basi
1132 905 1209 953 arcte
1232 897 1335 953 adhae-

110 972 179 1019 rent.

111 1084 162 1148 lo.
192 1068 537 1172 'comesperma
558 1087 827 1158 secundnm
849 1089 962 1152 Bana
984 1090 1069 1156 tert.

195 1184 233 1252 C.
255 1187 472 1272 hispidulum,
494 1189 595 1254 ramis
617 1189 820 1269 divaricatis,
842 1189 932 1256 foliis
955 1186 1113 1255 consertis
1134 1187 1203 1255 late
1224 1190 1335 1256 ovatis

107 1274 309 1338 mucronatis
337 1274 410 1339 basi
440 1276 615 1340 attenuatis
643 1277 791 1361 margine
820 1274 947 1359 planis,
981 1274 1120 1341 floribus
1149 1276 1335 1341 racemosis

107 1359 275 1440 secundis,
296 1358 472 1448 pedicellis
494 1359 597 1426 liores
619 1362 914 1446 subsequentibus,
936 1361 1082 1425 bracteis
1103 1360 1234 1425 minutis
1252 1381 1333 1427 ova·

108 1442 290 1594 {iiscrglciutis
322 1444 515 1511 intermedia
546 1445 742 1512 lateralibus
775 1445 876 1532 duplo
913 1445 1082 1532 longiore,
1113 1445 1202 1532 stylo
1236 1446 1334 1530 apice

238 1601 630 1776 ⁰⁰²}{T1'pmpmm
656 1625 784 1692 BankS.
813 1627 906 1694 herb.
933 1626 966 1692 in
989 1623 1077 1692 DCd
1106 1629 1217 1711 prodr.
1240 1629 1280 1694 T.
1305 1630 1332 1692 l.

191 1731 270 1796 pag.
358 1756 366 1773 .
421 1734 452 1778 o.
496 1758 504 1776 .

176 1816 241 1869 Hab.
265 1818 290 1865 in
308 1817 396 1866 Novae
417 1817 549 1866 Hellandie
568 1832 613 1866 ora
633 1817 699 1866 intra
719 1817 854 1879 tropicum,
874 1829 950 1881 prope
968 1816 1056 1866 flumen
1073 1815 1236 1877 Eadeavonr,
1260 1817 1332 1871 Fcrd.

106 1885 199 1935 Baueri
218 1887 255 1949 (v.
269 1903 289 1940 s.
307 1888 332 1936 in
350 1887 418 1939 berb.
436 1889 550 1937 Palatino
567 1885 777 1952 vindobonensii)

125 2039 142 2093 b
176 1969 335 2055 specimina
358 1987 429 2042 quae
459 1980 622 2044 suppetunt,
652 1972 745 2044 quoad
768 1970 998 2028 innotescentiam
1021 1971 1129 2042 quidem
1152 1989 1264 2042 manca,
1293 1973 1332 2027 sic

107 2055 265 2096 oservavr.

182 2108 284 2165 Cauiis
301 2111 410 2164 omnino
430 2120 517 2179 teres,
541 2111 677 2184 lignosus,
702 2114 768 2182 sctis
786 2112 916 2169 brevibus
955 2113 1091 2169 aientibus
1110 2111 1208 2168 albidis
1227 2112 1332 2168 confer-

106 2179 217 2234 tissimis
241 2179 359 2250 undique
381 2179 550 2252 hispidulus‚
574 2181 678 2237 inferne
701 2185 766 2254 post
784 2182 913 2237 loliorum
930 2131 958 2236 ii
979 2200 1039 2236 sum
1057 2183 1230 2238 cicatricibus
1248 2183 1331 2256 pluri·

107 2250 157 2302 mis
177 2251 291 2319 obsitus,
311 2267 427 2321 superne
444 2252 471 2305 in
488 2270 591 2308 ramos
609 2261 636 2306 et
653 2254 788 2309 ramulos
806 2270 912 2324 paucos
925 2202 977 2308 sufi

104 2319 189 2374 valde
208 2319 519 2396 dlva1·icatos,ioliosos
538 2322 651 2379 divisus.
688 2323 815 2380 Romule·
832 2328 960 2380 racemis
977 2324 1108 2378 brevibus
1126 2324 1174 2379 vix
1193 2323 1332 2396 pollicari-

36 2443 42 2450 ,
104 2389 171 2459 bus,
195 2391 332 2462 angustis,
357 2390 548 2446 secundillorls
571 2394 714 2449 terminati.
752 2394 841 2450 Folia
858 2393 1018 2450 densissime
1037 2393 1174 2464 conferta,
1199 2393 1331 2451 subverti·

105 2461 218 2516 cillatim
246 2461 367 2530 alterna,
391 2463 589 2532 crassiuscula,
616 2465 708 2519 caulis
725 2465 811 2520 instar
835 2465 960 2534 utrinqne
979 2474 1005 2519 et
1023 2465 1145 2537 margine
1163 2466 1247 2539 plano
1267 2465 1332 2520 setis

105 2530 235 2587 brevibus
259 2531 357 2587 albidis
384 2531 534 2618 bispidnla,
563 2536 589 2590 in
637 2536 749 2590 etiolum
775 2535 965 2592 brevissimum
992 2535 1156 2608 hispidulum
1181 2543 1331 2604 attenuata,

105 2602 165 2656 sive
183 2602 352 2670 subsessilia,
371 2605 536 2675 proJecturis
554 2605 604 2660 insi
627 2607 698 2660 entia
717 2615 744 2662 et
762 2623 823 2660 cum
841 2607 874 2659 iis
892 2606 1047 2674 articulata,
1065 2607 1122 2661 late
1140 2615 1233 2675 ovata,
1251 2606 1332 2706 apice

106 2672 174 2725 abru
196 2681 222 2727 te
242 2681 269 2729 et
287 2675 441 2730 acutissime
460 2685 631 2744 mucronata,
649 2695 736 2732 nervo
749 2676 840 2732 medio
853 2677 990 2744 obsoleto,
1009 2675 1056 2728 :tt
1074 2676 1120 2730 lin.
1138 2677 1231 2748 longa,
1253 2675 1332 2743 lls·3

105 2741 151 2797 lin.
176 2692 248 2813 fata,
274 2762 429 2800 racemum
452 2746 634 2816 terminalem,
661 2747 844 2802 laxiuscnlum
868 2747 919 2800 sub
944 2746 1050 2801 antbesi
1073 2744 1137 2799 u-l‘r
1154 2748 1201 2801 lin.
1219 2747 1331 2818 longum

106 2814 273 2885 attingentis.
308 2814 413 2872 Floras
431 2815 534 2886 glabri,
561 2819 657 2888 parvi,
684 2817 761 2884 1-11]4
780 2818 826 2871 lin.
851 2817 939 2886 longi,
962 2818 989 2871 in
1004 2817 1163 2891 particellis
1185 2818 1331 2886 subaeqni·

104 2883 208 2954 longis,
231 2886 402 2958 patentibus,
428 2887 546 2956 glabris,
564 2904 662 2941 versus
681 2889 787 2958 apicem
825 2887 905 2941 aullis
927 2903 957 2941 er
975 2889 1144 2942 incrassatis.
1181 2886 1332 2942 Bructerae

80 2965 82 2968 ·
105 2955 238 3022 minutae,
263 2965 379 3022 ovatae,
406 2965 521 3024 accuse,
544 2956 705 3010 intermedia
722 2906 881 3012 lateraiibus
900 2907 986 3026 ‹fuplo
1003 2957 1145 3040 longiore,
1163 2958 1331 3012 semilineam

105 3026 247 3092 metiente,
270 3024 486 3094 glabriuscolae,
511 3025 634 3079 caducae
653 3026 775 3094 quidem,
801 3026 850 3080 sed
869 3026 970 3080 diutins
989 3033 1181 3096 persistentes,
1204 3043 1286 3096 quam
1303 3027 1332 3082 in

105 3094 245 3164 plerisque
257 3095 374 3148 caeteris
386 3095 540 3166 speciebus.
568 3093 684 3168 Sepeia
697 3103 823 3150 esterna
835 3095 889 3148 tria
901 3104 995 3165 ovata,
1008 3096 1206 3165 obtusiuscula,
1217 3098 1331 3165 minuta,

124 3163 219 3232 labra,
244 3162 295 3217 alis
320 3163 381 3234 plus
406 3164 439 3217 tri
460 3164 488 3218 la
507 3165 645 3219 breviora.
682 3164 757 3220 Alae
775 3165 870 3219 carina
887 3165 982 3238 paullo
1000 3167 1156 3238 longiores,
1180 3167 1330 3235 obovatae,

105 3181 167 3287 {asi
185 3240 352 3302 attenuatae,
374 3232 421 3301 ¹¹ls
441 3183 486 3291 iia.
504 3236 611 3306 longae.
640 3235 752 3291 Patala
765 3241 886 3309 postica
899 3237 992 3290 camna
1005 3237 1178 3308 aequilonga.
1205 3236 1332 3292 Coloret

977 2254 1160 2309 verticillatim
1173 2254 1332 2324 dispositos,

105 3302 195 3357 iorma
212 3308 336 3358 cumeae
353 3305 468 3375 propria
486 3324 501 3362 c
519 3305 635 3360 floribus
654 3307 750 3378 paucis
769 3307 962 3361 examinationi
981 3307 1098 3378 perviis,
1117 3308 1175 3362 erui
1193 3324 1248 3362 uon
1286 3324 1330 3360 os·

105 3381 177 3428 sunt.
213 3372 387 3428 Filomenta
407 3383 434 3427 et
456 3375 602 3431 antherae
626 3386 655 3432 nt
678 3377 705 3430 in
730 3377 854 3431 omnibus
877 3375 959 3448 hujus
982 3377 1152 3448 paragraphi
1176 3326 1330 3448 speciebus.

106 3441 210 3515 Stplus
234 3445 314 3515 apice
336 3444 468 3513 bimaris,
492 3461 546 3514 qna
568 3454 635 3501 nota
658 3445 694 3501 ab
714 3449 838 3503 omnibus
857 3447 1086 3518 praecedentibus
1104 3464 1169 3518 egre
1189 3449 1213 3501 'e
1232 3443 1330 3516 differt,

105 3531 194 3569 crore
216 3519 372 3590 superiore
395 3514 540 3570 suberecta
563 3517 657 3588 paullo
679 3517 818 3590 longiore,
843 3518 924 3588 apice
941 3518 1101 3574 brevissime
1117 3465 1229 3586 blicis,
1255 3517 1330 3593 tafa-

105 3589 187 3639 rlore
202 3584 346 3653 breviore,
372 3601 504 3654 recurvo,
523 3594 564 3653 et,
583 3594 613 3639 ut
629 3587 753 3656 videtur,
771 3586 959 3658 stigmatiiero.
999 3587 1130 3661 Caprula
1147 3587 1205 3643 lere
1222 3595 1330 3643 matura

104 3653 153 3725 3½
174 3655 219 3711 lin.
239 3656 331 3728 longa,
368 3655 456 3724 labra,
473 3657 573 3710 sensim
591 3657 618 3710 in
636 3659 754 3728 stipitem
772 3658 789 3710 2
806 3659 854 3712 lin.
872 3658 982 3729 longum
1001 3667 1150 3726 attenuata,
1169 3658 1248 3729 apice
1266 3658 1329 3713 snb·

105 3673 456 3798 emarginatospatirnlata,
474 3727 572 3785 lineam
590 3727 657 3796 lata,
676 3737 703 3782 et
720 3729 845 3798 utrinque
858 3729 904 3782 ala
915 3729 1027 3796 minuta,
1046 3729 1216 3800 triangulari,
1235 3728 1329 3784 obtus-

104 3797 205 3866 angnla
223 3806 314 3864 aucta,
333 3814 439 3850 summo
458 3798 539 3868 apice
557 3798 709 3869 paullisper
727 3805 878 3853 contracta.
916 3796 1024 3854 Samen
1041 3799 1212 3854 immaturum
1228 3800 1329 3855 lineam

105 3883 226 3933 aequans
242 3867 286 3920 vel
306 3867 501 3940 subsupcrans,
519 3878 672 3939 angustum,
691 3868 775 3923 dense
794 3869 957 3940 pubescens,
976 3877 1003 3923 et
1021 3885 1100 3923 coma
1116 3871 1208 3956 longa,
1227 3871 1261 3927 de
1283 3888 1328 3926 en·

105 3935 188 3990 dente
212 3936 377 4006 involutum,
401 3939 550 3992 caruncula
574 3938 655 4009 plane
674 3938 831 3994 destitutum
849 3939 973 4008 videtur,
996 3942 1124 4010 quoniam
1148 3959 1206 4012 eJus
1224 3890 1328 3997 nuiium

104 4005 249 4075 vestigium
266 4006 362 4076 video,
386 4025 468 4130 quum
492 4009 519 4062 in
543 4009 691 4063 seminibus
715 4010 900 4064 carunculatis
918 4009 1036 4065 aliarum
1053 4012 1207 4083 specierum
1219 4011 1327 4082 jamdiu

105 4082 169 4130 ante
187 4076 371 4132 maturitatem
399 4079 516 4134 acillime
535 4079 658 4152 dignosci
676 4081 773 4152 possit.

24 4221 26 4224 -
105 4179 156 4244 ll.
189 4177 528 4266 comesperma
547 4183 890 4256 Drnmmondii
914 4186 1031 4250 Sesea.

191 4279 228 4351 C.
250 4281 459 4366 hispidulum,
481 4285 583 4352 ramis
604 4287 869 4372 erecto-patulis,
890 4285 981 4355 loliis
996 4286 1157 4354 confertis
1172 4259 1327 4368 oblongis

104 4367 234 4434 obtusis
260 4368 334 4434 basi
356 4371 531 4436 attenuatis
551 4373 699 4458 margine
721 4373 849 4458 planis,
878 4371 1018 4440 floribus
1040 4368 1241 4446 racemosiS,
1267 4387 1326 4452 pe-
