3080 4882
519 229 961 322 ‘meaa-..-

153 415 214 468 basi
231 413 413 485 bistipulotls3
437 415 546 486 stipulis
564 415 700 482 cornutis,
720 413 1056 484 subolere-capillatione,
1077 413 1197 483 scabris,
1216 415 1383 486 persistenti·

154 485 213 540 buo.
251 483 358 540 Floras
372 487 490 543 masculi
507 487 615 554 minuti,
634 485 778 553 axillares,
798 484 914 538 solitarii
932 483 1054 570 srdinrei.

119 622 123 628 ·
154 587 215 654 Peg.
236 587 285 641 182
303 593 503 642 autunum
523 592 572 646 vid.
591 592 727 655 Appendix.

165 689 201 700 -
227 657 280 712 ‘run
299 679 343 726 pro
363 661 517 714 Morlontlro
542 663 712 727 urrpuotr't'olio
737 659 853 714 Putterl.
880 664 935 724 lege
960 661 1083 730 Propopo
1109 662 1282 728 cowlfoltc
1299 664 1384 716 Lehm.

1 697 16 740 i
155 735 208 784 Iud.
228 749 288 782 sem.
306 735 371 782 hort.
390 735 517 796 Hamburg
537 729 604 783 1815
623 736 750 784 collector.
771 737 796 782 et
815 733 878 781 adde
898 733 1072 795 descriptioni:

122 819 126 827 “
228 811 358 868 Fructus
375 813 522 868 baccatos:
542 814 630 870 bacca
649 813 834 886 cylindracea‚
854 810 1000 881 5-lineolls‚
1020 812 1138 868 irrasos
1152 813 1285 868 diametro
1298 821 1385 868 trans·

156 883 261 940 versali
279 883 345 952 lata,
363 883 424 937 basi
441 885 591 939 rotundata
607 903 624 938 a
636 885 813 955 receptaculo
832 884 911 938 floris
930 883 1078 955 superstite
1097 885 1236 956 amplexa,
1254 885 1386 940 lateribus

158 953 266 1008 duobus
286 955 405 1009 externis
423 955 512 1008 medlo
527 953 610 1040 juxta
629 955 702 1008 asim
720 955 798 1010 sulco
817 953 1006 1028 longitudinali
1026 953 1153 1008 obsoleto
1170 963 1280 1024 notate,
1300 953 1387 1010 latere

158 1025 302 1149 sup'eriore
322 1033 348 1080 et
372 1021 592 1086 inferiorelrnea
609 1025 798 1096 longitndinali
818 1025 927 1080 elevata
945 1025 1117 1096 subanceps,
1142 1025 1221 1097 apice
1239 1025 1387 1080 rotundata

158 1113 174 1150 e
219 1097 260 1148 asi
284 1095 347 1166 styli
396 1096 539 1151 ersistente
563 1096 724 1152 brevissime
748 1095 901 1166 apiculam,
930 1093 1076 1167 superficie
1102 1112 1183 1150 corru
1204 1105 1267 1168 ata,
1296 1095 1397 1150 tusco--

157 1165 270 1234 viridis,
292 1115 480 1236 indehiiceus‚
505 1167 578 1221 intus
604 1167 697 1240 sporie
716 1166 951 1237 qrradrlloculata,
975 1183 1074 1220 revera
1096 1114 1256 1220 bilocuiaris
1275 1183 1290 1220 e
1309 1167 1386 1220 semi·

158 1237 257 1307 septis,
276 1236 302 1290 in
321 1237 472 1307 parietibus
490 1238 618 1306 lammis,
636 1236 714 1291 sulco
733 1236 923 1290 lonoitudtnall
941 1245 1055 1290 externo
1075 1237 1305 1308 respondentibus
1323 1254 1386 1310 pro·

159 1306 328 1364 venientibus
350 1309 376 1362 in
402 1309 446 1361 axi
467 1309 602 1378 contiguis
621 1317 648 1362 et
673 1309 787 1380 margini
809 1325 840 1362 us
860 1306 943 1378 justa
962 1308 1035 1362 asim
1053 1308 1202 1378 parallelis
1221 1307 1247 1362 in
1265 1307 1387 1362 loculum

158 1377 283 1446 utrinque
303 1378 462 1449 prominulis
475 1379 630 1433 alternatim
644 1387 670 1433 et
688 1379 837 1432 biseriatim
856 1375 1021 1446 seminifera‚
1040 1379 1125 1448 septis
1138 1379 1239 1450 spuriis
1253 1397 1268 1434 e
1280 1377 1387 1448 liquore
1427 1385 1436 1403 '

158 1447 307 1518 inspissato
327 1457 354 1502 et
372 1449 542 1504 condensato
560 1449 716 1518 seminaque
737 1449 854 1519 undique
872 1448 1030 1504 involvente
1050 1449 1100 1514 (uti
1119 1449 1146 1503 iu
1161 1447 1266 1521 Soilpa
1284 1459 1311 1504 et
1324 1447 1387 1506 Bii-

159 1519 312 1588 lurdiera)
339 1517 481 1589 formatis,
513 1520 701 1592 polysperme.
746 1519 1019 1581 Seminaduuieulo
1047 1519 1209 1574 brevissimo
1238 1527 1387 1592 corrugata

159 1587 307 1670 affisa‚pirr
323 1591 421 1660 quovis
440 1591 539 1646 loculo·
550 1607 621 1644 nunc
640 1591 794 1659 biserialia‚
813 1589 1167 1660 subglobosoroniiormia,
1208 1608 1393 1661 urpurascen·

160 1665 207 1727 tia,
226 1660 413 1715 ecellulurum
432 1660 646 1732 superficialium
660 1662 834 1715 convexitate
853 1660 1150 1730 granulato-punctata,
1170 1609 1276 1744 gichen,
1294 1661 1388 1728 nitido,

159 1729 246 1800 rophe
270 1730 347 1785 brevi
371 1731 463 1785 statim
477 1749 499 1784 a
517 1731 632 1784 chalaua
650 1734 781 1813 suscepta
799 1729 965 1785 horizontali
981 1731 1010 1783 lu
1027 1730 1114 1786 latere
1133 1747 1206 1784 arun
1224 1732 1308 1786 loculi
1326 1747 1387 1802 qne·

161 1808 252 1855 etaute
275 1803 435 1863 instructa,.
448 1802 539 1856 omnia
562 1802 590 1855 in
611 1801 718 1872 liquore
742 1801 891 1872 inspissato
912 1810 940 1856 ct
957 1800 1126 1856 condensato
1146 1801 1210 1854 allro
1229 1801 1388 1856 nidulautia.

159 1869 283 1942 Embryo
308 1873 334 1925 in
360 1871 444 1926 londo
469 1871 612 1929 albuminis
636 1872 731 1940 solidi,
759 1872 892 1939 durioris,
919 1871 1003 1926 albidi
1027 1887 1116 1942 prope
1140 1870 1294 1926 umbilicum
1318 1873 1389 1928 intra

161 1943 306 1996 cavitatem
330 1942 475 2014 parvulam
498 1943 744 2016 situsp'minimns,
769 1942 963 2012 orthotropus,
987 1942 1184 2020 incompletos,
1208 1959 1283 1999 mere
1306 1943 1388 1998 celln-

160 2013 255 2079 losus,
283 2014 455 2068 extremitate
483 2012 545 2084 plus
572 2014 695 2068 minusve
722 2022 863 2069 attenuata
889 2012 974 2067 hilum
1000 2022 1147 2084 spectans,
1177 2014 1267 2071 altera
1291 2031 1389 2086 parum

33 2117 54 2162 κ.
161 2083 339 2166 emarginatp.
366 2082 487 2152 (Colitur
504 2083 531 2138 iu
549 2081 621 2139 hort.
639 2084 696 2139 bot.
714 2083 925 2154 Hamhtrrgens.)

161 2174 214 2233 vag
240 2166 292 2221 aue
311 2173 547 2222 Poctanensis:
567 2161 617 2222 rto.
637 2175 773 2236 opponunt.

174 2267 208 2278 —-
237 2236 298 2300 ⁶207,
319 2243 361 2294 lin.
380 2240 396 2292 l
413 2244 446 2297 ab
464 2245 513 2300 ima
532 2237 587 2306 post
606 2245 655 2325 llo.
674 2239 744 2292 ‘tulit
761 2243 839 2294 adde:
859 2248 884 2292 ct
902 2244 950 2292 No.
973 2237 1047 2294 1524.

391 2437 966 2553 uuunlANuRuAu
1002 2439 1162 2546 R.Br.
1213 2459 1245 2563 j
1340 2522 1353 2539 .

541 2591 549 2605 ”
599 2597 718 2668 niuem
740 2596 767 2666 J.
794 2595 939 2662 Susura.

156 2733 222 2798 vag.
241 2729 293 2786 213
311 2735 343 2784 ad
364 2732 542 2797 retroneum
560 2709 655 2788 riudam
673 2737 753 2789 Lindi.
773 2738 862 2788 addas:

144 2854 148 2863 ·
232 2813 399 2888 Comparavi
417 2817 566 2887 specimina
584 2817 821 2872 Drummondiana
839 2817 996 2872 authentica
1014 2817 1041 2870 in
1059 2815 1187 2872 herbario
1206 2791 1283 2886 regio
1300 2815 1390 2870 Bero-

142 2901 146 2911 ·
163 2887 273 2955 limosi,
292 2905 309 2940 a
328 2887 361 2941 cl.
381 2887 518 2958 Lindleyo
535 2889 597 2958 ipso
617 2880 750 2942 definita?
771 2887 857 2941 Nullo
876 2887 958 2940 modo
978 2905 995 2941 a
1014 2886 1207 2958 speciminibus
1225 2885 1392 2946 Preissianis
1415 2891 1430 2908 ⁸
1469 2925 1473 2932 a

163 2955 315 3014 dideruuti'
341 2956 449 3012 Caveas
466 2975 561 3024 vero,
586 2974 620 3012 ne
639 2975 700 3011 cum
721 2955 900 3014 Tetrathcca
919 2963 1041 3031 terpora
1058 2956 1226 3024 confundas,
1251 2973 1322 3026 qnae
1341 2957 1392 3010 sula

164 3027 260 3081 eodem
278 3026 334 3082 No.
355 3024 423 3077 1332
442 3045 459 3080 a
478 3028 512 3081 cl.
531 3027 654 3089 Preissio
673 3027 747 3081 edita
765 3035 814 3081 est.

94 3176 105 3191 ο
154 3117 224 3195 ¹Peg.
243 3111 302 3162 alu.
314 3116 345 3162 ad
368 3115 547 3166 Tetrctdecmn
566 3118 734 3180 epilodioidea
752 3119 836 3166 Steetz
855 3117 947 3166 addas:

292 3219 357 3282 var.
377 3206 410 3276 β,
432 3206 611 3265 hirsutae
641 3203 728 3266 caule
749 3204 898 3284 ramisque
920 3202 1053 3282 setosis,
1076 3201 1235 3282 pcdiecllis
1257 3201 1392 3280 hirsutis,
1443 3233 1457 3254 ι

157 3287 309 3367 styloque
330 3289 426 3348 recto.
475 3287 667 3350 Tetratheca
686 3290 811 3349 hirsuta
832 3288 929 3349 Lindl.
955 3287 1120 3368 Appendix
1144 3289 1182 3348 ad
1203 3284 1394 3349 Botan.'Re-

70 3397 74 3402 ·
164 3373 264 3450 gister
284 3369 539 3454 paaxxxvru
560 3375 619 3436 No.
637 3371 714 3438 187!
738 3375 888 3441 ctBotan,
904 3373 1153 3451 RegislerNevv.
1177 3371 1282 3434 Series
1303 3373 1392 3436 Anno
1442 3353 1457 3390 ⁸·

165 3455 343 3626 {844)tah.
365 3453 421 3522 67!
449 3457 619 3544 (optimell
654 3459 853 3522 Tremaadro
879 3458 1016 3542 Hilgelii
1041 3462 1073 3521 et
1090 3457 1276 3536 floribunda
1300 3455 1392 3522 liert.

182 3563 211 3610 v.
226 3561 254 3605 v.
1447 3556 1458 3572 ·

235 3646 376 3702 Accurata
399 3648 511 3718 mentae
528 3647 609 3714 vivae
629 3648 794 3702 examinatio
805 3667 856 3704 me
875 3648 1019 3702 certiorem
1038 3645 1115 3714 iecit,
1141 3663 1201 3700 eam
1220 3661 1281 3700 esse
1299 3649 1394 3701 veram

165 3717 325 3772 varietatem
345 3728 465 3772 setosam
485 3719 578 3789 stirpis
596 3717 780 3788 pastenacas,
800 3715 1007 3788 qrralem·etiam
1024 3717 1233 3772 observavimus
1249 3717 1277 3770 in
1293 3715 1394 3788 Tetro-

167 3787 254 3843 titcca
271 3794 392 3862 capara
411 3799 438 3842 et
455 3793 594 3846 viminea.
627 3789 728 3844 Cauiis
745 3789 875 3858 hirsutus,
894 3787 998 3842 inferne
1011 3789 1077 3842 setis
1090 3786 1180 3841 rubris
1190 3795 1220 3842 et
1238 3787 1301 3860 pilis
1314 3788 1394 3860 apice

167 3857 355 3928 glanddliferis
376 3859 460 3914 deuse
477 3859 594 3914 vestitus
613 3869 664 3926 est,
682 3865 766 3916 rami
782 3860 1000 3931 parciussetosi‚
1018 3850 1067 3912 sed
1080 3876 1141 3913 enm
1157 3858 1313 3932 particellis
1333 3859 1394 3933 pilis
1494 3890 1499 3899 ·

167 3927 354 3997 glanduliieris
378 3930 475 3984 hirsuti
493 3938 564 3984 sunt.
603 3929 692 3985 Folia
709 3931 796 3984 miuus
817 3930 962 3998 undulata,
986 3929 1281 3999 apostolorumque,
1306 3939 1394 4004 etse·
1451 3953 1460 3969 ι

163 3997 242 4071 pala
254 4001 375 4070 margine
388 4002 450 4072 pilis
462 4002 559 4066 paucis
572 4001 925 4125 glanduliierisconspersa
936 4001 1029 4068 video,
1043 4009 1070 4056 et
1081 4000 1175 4071 stylus
1185 4001 1276 4054 medio
1289 4008 1393 4056 tortuo-

168 4085 215 4121 sus
238 4083 293 4122 noo
318 4077 367 4126 est.
386 4101 421 4110 -
443 4071 644 4127 Lubentissime
669 4089 767 4127 nomen
792 4089 809 4124 a
828 4089 861 4126 c,
880 4072 1018 4144 Lindleyo
1042 4071 1127 4125 multo
1150 4072 1226 4140 prius
1244 4071 1394 4144 adlribitmn
1476 4101 1485 4122 .

139 4143 141 4148 ’
167 4139 355 4208 restituissent,
374 4141 425 4194 nisi
443 4143 470 4196 iu
488 4143 613 4202 omnibus
632 4143 776 4215 speciebus
796 4133 967 4198 enumeratis·
976 4143 1112 4214 formam
1128 4141 1268 4214 plodram
1285 4157 1394 4210 semper

166 4219 296 4334 {siliquam
316 4216 503 4284 primarium
527 4213 760 4282 considerassem,
786 4221 813 4268 et
836 4214 971 4286 formam
993 4219 1122 4268 setosam
1147 4221 1275 4280 tanquam
1299 4214 1393 4268 carie·

179 4297 198 4334 a
213 4295 267 4333 em.

237 4346 305 4406 ons.
343 4349 433 4407 Etiam
458 4354 483 4407 in
507 4355 603 4424 planta
621 4355 686 4410 viva
709 4359 808 4410 ooartr'
831 4336 942 4411 loculos
963 4370 1072 4425 semper
1089 4324 1277 4406 unioculatos
1295 4350 1394 4420 reperi,

160 4421 252 4490 idem,
278 4422 312 4476 de
331 4436 386 4491 quo
406 4422 465 4493 jam
484 4423 600 4478 disserui
619 4425 682 4481 Vol.
701 4425 721 4479 1.
743 4444 804 4496 pag.
824 4423 877 4476 ‘riu
894 4427 921 4480 in
940 4416 1132 4489 annotatione,
1157 4427 1183 4472 et
1202 4418 1276 4488 qnod
1296 4417 1394 4474 confir·

165 4503 254 4552 marm
272 4513 288 4549 a
308 4493 341 4550 cl.
360 4477 507 4567 Lindleyo,
525 4495 603 4550 icone
622 4497 857 4566 praestantissima
875 4497 931 4552 le.
967 4493 1091 4549 hocrrlus
1105 4488 1193 4548 ovarii
1211 4486 1291 4554 alter,
1308 4487 1395 4542 latere
1474 4563 1477 4570 Ι
