3080 4880
602 229 986 298 ......342,.....Β

185 415 355 474 tutamenta
372 415 474 482 libera,
494 414 622 484 setacea‘,
641 413 736 485 glabra
772 423 994 484 streperpurea,
1012 411 1110 466 lineam
1129 411 1221 482 longa.
1259 407 1412 464 Anthea-ae

185 486 463 557 eveideeehlengae,
482 493 725 557 stre-purpureae,
744 456 775 551 il,
794 484 840 538 liu.
859 484 969 555 longae,
987 481 1065 536 sulco
1079 481 1191 550 demedi,
1210 480 1410 550 longitudinali,

184 565 212 612 et
239 557 365 626 utrinque
386 562 482 610 sutum
507 555 616 610 laterali
628 563 774 623 exaratae,
802 569 887 625 supra
905 554 1022 608 medium
1040 553 1174 616 insertae,
1192 551 1317 619 utrinque
1331 549 1411 604 obtu-

184 645 247 694 sae,
270 626 479 694 subtruncatae,
502 626 562 680 basi
588 627 786 696 marginales,
811 633 838 680 et
857 625 936 696 apice
954 623 1183 694 albe-marginem
1207 621 1282 693 peris
1302 621 1411 674 duobus

184 697 365 752 dehiscentes.
410 697 557 754 θιατίιιιη
583 697 745 768 globosum,
778 697 920 763 muticum,
956 693 1085 750 antheras
1112 693 1313 763 subsuperans,
1346 691 1412 763 pilis

185 768 311 834 stellatis,
330 766 490 839 ferrugineis
510 767 595 823 dense
613 773 804 835 tementesum‚
824 782 934 837 semper
946 764 1116 829 d·lecular·e;
1136 762 1411 818 loculisbievuletis.

185 837 289 910 septas
306 847 442 906 setaeeus‚
460 837 647 910 glaberrimus,
665 837 806 904 indivisus,
824 836 1011 902 brevissimus,
1029 835 1055 888 in
1074 842 1195 888 temente
1214 832 1324 888 stellate
1342 850 1411 887 eva-

185 909 218 964 rii
236 917 312 968 tetus
329 909 387 964 fere
400 908 594 974 absconditus,
612 912 654 963 eti
704 916 753 963 ote
765 907 883 978 aequali,
902 904 1073 960 acutiuscule
1086 905 1255 958 terminatus.
1281 903 1414 988 Gopsulo

186 977 464 1051 depresso-glebosa,
487 978 561 1050 style
583 987 745 1050 persistente
764 986 912 1044 coronata,
934 975 1050 1030 stellulis
1073 973 1233 1048 ferrugineis
1251 975 1413 1030 densissime

186 1057 355 1118 tementesa,
373 1050 548 1114 f·lecularis;
572 1049 677 1104 loculis
694 1050 766 1102 intus
785 1046 969 1118 glaberrimis,
988 1046 1095 1112 nitidis,
1114 1046 1321 1116 monespermis.
1359 1043 1414 1100 Se·

185 1125 271 1176 mino
289 1121 372 1176 oblen
392 1139 423 1188 a,
439 1121 573 1189 utrinque
592 1120 706 1187 obtusa,
730 1118 827 1173 lineam
846 1117 905 1173 fere
923 1117 1077 1184 metientia,
1093 1117 1188 1186 nigra,
1206 1117 1344 1172 levissime
1361 1133 1414 1186 pue

185 1191 296 1257 herulo,
319 1138 457 1244 adhaesio
481 1189 542 1244 axis
566 1189 698 1243 centralis
719 1187 974 1260 dissepimenterum
997 1185 1102 1254 affixa,
1126 1187 1188 1242 bilo
1212 1185 1413 1256 strepbielat03

186 1259 351 1333 strophiolo
369 1259 586 1326 subseri-evinco,
606 1257 788 1330 cupulifermi,
806 1266 928 1326 creante,
947 1257 1009 1312 hine
1026 1257 1132 1312 laciniis
1145 1275 1251 1312 sursum
1265 1258 1414 1328 spectanti-

186 1330 252 1398 hus,
270 1329 447 1399 longiusculis
463 1301 558 1384 biduo.

260 1399 327 1454 ets.
349 1397 371 1454 l.
407 1400 530 1468 Propter
547 1405 684 1455 oportum
702 1398 866 1455 f-localore
884 1399 954 1453 haee
971 1398 1077 1469 speeies
1097 1407 1125 1452 et
1136 1415 1254 1466 sequens
1272 1399 1298 1452 in
1312 1415 1415 1469 genere

186 1470 330 1524 anomalae
348 1479 419 1524 sunt.
454 1469 593 1524 Numerus
612 1487 681 1526 vere
699 1471 787 1525 everti
806 1469 974 1538 loculorum,
1000 1477 1029 1522 ut
1047 1467 1106 1538 jem
1123 1470 1150 1522 in
1173 1468 1350 1524 Thomasioe
1366 1487 1414 1542 ge-

185 1555 252 1594 nere
269 1539 396 1607 vidimus,
415 1541 523 1594 minime
541 1539 729 1596 characterem
749 1541 906 1614 genericum
925 1547 1092 1594 constantem
1113 1539 1231 1594 exhibet.
1262 1539 1416 1595 Praeterea

187 1619 304 1680 utraque
322 1613 429 1682 species
447 1611 523 1666 nulla
539 1610 611 1665 linea
630 1629 648 1666 a
665 1611 828 1666 charactere
846 1609 1035 1682 Lasiopetolt
1052 1611 1159 1681 generis
1178 1611 1302 1682 divergit.

261 1679 328 1736 eis.
347 1680 372 1735 ’2.
409 1681 438 1736 ln
456 1681 603 1738 alabastris
621 1683 776 1754 speciminis
789 1681 942 1736 Sieberiani
957 1680 1064 1754 petalo
1075 1680 1132 1735 vidi
1149 1681 1288 1749 nonnulla,
1306 1682 1415 1752 apicem

186 1767 285 1807 versus
309 1751 425 1806 stellulis
446 1753 543 1823 rigidis
560 1743 724 1826 conspersa]
758 1750 916 1807 Occurrunt
938 1768 1087 1806 veracem
1106 1752 1219 1824 petalis
1242 1751 1414 1824 glaberrimis
1518 1821 1519 1826 ἵ

186 1823 350 1894 premiseue.

186 1971 215 2036 8.
269 1970 633 2058 Lusiepetelum
654 1971 842 2048 Gummii
866 1973 983 2034 Steetz.
1518 2049 1519 2080 ,

271 2089 311 2158 L.
345 2089 434 2158 feliis
467 2091 752 2180 erate-oblongis
783 2091 1036 2168 obtusiusculis2
1070 2090 1175 2176 eyneis
1189 2089 1415 2178 ,paucifloris
1518 2167 1519 2172 ἵ

189 2176 303 2241 evarie
325 2186 510 2245 tementese
525 2189 787 2265 purpurascente
803 2187 996 2244 mucronato
1011 2175 1199 2256 d-leeulari‚
1221 2175 1416 2242 mucrenule
1518 2173 1519 2196 *

188 2260 481 2330 albe-tementese.

316 2367 557 2450 Lusiopetolem
575 2367 796 2448 doegpbyllum
819 2365 939 2431 Sieber
953 2387 1022 2428 eor.
1038 2363 1076 2446 β)
1099 2361 1239 2428 Heeker·
1253 2363 1357 2426 filius!
1380 2364 1416 2426 iu

278 2447 418 2516 Heeker
437 2451 552 2518 leurn.
574 2450 615 2516 ef
632 2451 761 2534 Botany
784 2449 820 2512 Τ.
844 2453 874 2516 2.
897 2471 930 2532 p.
952 2449 1025 2514 414.
1047 2447 1110 2512 Ne.
1133 2449 1169 2524 2,
1192 2451 1237 2526 β).

258 2555 323 2602 Hab.
347 2557 372 2603 in
396 2556 476 2602 insula
500 2569 546 2603 van
566 2555 679 2611 Diemen,
705 2555 772 2602 inter
790 2555 864 2602 celles
882 2553 968 2614 Recky
986 2553 1052 2614 Cape
1071 2555 1096 2598 et
1114 2551 1192 2598 Table
1211 2551 1285 2611 Cape.
1310 2551 1417 2610 liariter,

190 2623 275 2672 Gunnl
298 2622 387 2686 (Herb.
405 2627 485 2674 Genu.
505 2627 553 2676 Ne.
574 2619 638 2673 551!
657 2626 725 2672 Anne
746 2618 835 2686 1837.)
873 2623 912 2689 (V.
932 2638 953 2672 ι.
972 2621 1105 2684 specimina
1122 2619 1265 2668 authentica
1283 2621 1420 2670 Gunniana

189 2691 214 2740 in
233 2693 346 2742 herbario
364 2695 434 2756 regie
451 2695 620 2750 Berelinensi‚
639 2699 664 2742 et
682 2693 790 2755 palatine
811 2691 1010 2754 vindobonensi.)

259 2775 392 2830 Proxima
410 2777 517 2846 quidem
535 2775 730 2861 Lusiopetalo
748 2775 941 2848 dasypbgllo‚
961 2773 1010 2830 sed
1028 2772 1136 2828 minime
1156 2772 1215 2844 ejus
1232 2773 1368 2841 varietas,
1386 2785 1418 2830 et

190 2847 339 2902 certissime
361 2849 468 2919 speeies
486 2846 555 2902 bene
573 2847 720 2906 distincto!⁴
750 2845 868 2902 Praeter
886 2849 1023 2902 eoactum
1040 2853 1231 2900 mucronatem
1250 2844 1319 2898 enim
1337 2842 1417 2898 facil-

188 2916 253 2972 lime
270 2917 438 2988 dignoscitur
456 2919 528 2972 netis
546 2917 604 2972 his:

260 2987 422 3042 Tomentum
432 2989 536 3054 caulis,
549 3005 715 3052 ramorum,
726 2987 945 3062 peticionem,e
965 3002 1087 3040 ntorum
1096 2995 1123 3040 et
1133 2985 1247 3057 florum
1258 2985 1343 3038 multo
1353 2984 1416 3039 bre-

189 3057 266 3127 vius,
290 3067 340 3113 nee
358 3059 430 3116 laete
448 3058 645 3132 ferrugineum,
669 3059 719 3112 sed
738 3060 822 3130 magis
840 3058 936 3112 rubre·
950 3073 1043 3112 escum
1061 3065 1111 3110 est.
1147 3053 1236 3112 Folia
1255 3055 1416 3126 plerumque

189 3129 396 3195 misnensem,
426 3129 675 3202 l·l¹l,·pellicaria‚
700 3129 741 3194 (et
763 3145 829 3184 rere
852 3127 903 3196 Pl,
927 3128 1042 3198 pellices
1062 3125 1225 3193 excedunt)
1245 3126 1309 3180 basi
1328 3125 1416 3196 magis

190 3206 352 3269 angustata,
381 3219 399 3254 a
419 3201 515 3270 iceque
539 3201 624 3255 multe
648 3201 806 3267 obtusiora,
834 3215 915 3268 quum
940 3208 1036 3252 centra
1060 3197 1087 3251 iu
1111 3196 1303 3269 Lastopetolo
1328 3197 1428 3266 dam„

188 3268 294 3342 phyllo
317 3271 378 3324 basi
400 3219 501 3326 fatiens
521 3270 684 3336 retundata,
708 3269 808 3324 sensim
832 3274 993 3338 angustata,
1017 3274 1099 3321 acuta
1117 3267 1162 3322 vel
1187 3267 1241 3321 ime
1261 3267 1416 3323 acuminata

190 3339 252 3395 sint.
289 3339 451 3394 'fomentum
473 3342 501 3394 in
525 3342 627 3412 pagina
650 3339 778 3394 inferiore
799 3339 945 3409 foliorum
963 3338 1138 3392 adultorum
1163 3353 1217 3392 nen
1242 3347 1284 3392 es‘t
1300 3336 1416 3408 ferrugi-

190 3425 285 3477 neum,
310 3411 360 3466 sed
383 3412 652 3480 argenteentveum,
677 3410 814 3462 rarissime
838 3409 865 3462 in
888 3409 980 3464 nervis
999 3406 1117 3462 stellulis
1133 3409 1230 3478 paucis
1248 3407 1331 3462 fuscis
1350 3423 1416 3460 cen·

191 3496 311 3552 speres..
334 3481 423 3538 Folio
440 3481 556 3538 novello
575 3480 655 3539 aliter
673 3497 704 3533 se
722 3478 832 3544 hahent,
851 3479 957 3534 scilicet
973 3479 1000 3532 in
1019 3479 1120 3550 pagina
1137 3480 1280 3550 supe'riere
1298 3477 1416 3532 stellulis

192 3550 315 3619 minimis,
334 3551 403 3606 albis
422 3550 536 3620 hirsuta,
555 3559 583 3606 et
600 3552 712 3621 insuper
730 3549 845 3604 stellulis
863 3549 1034 3621 ferrugineis,
1054 3548 1212 3618 majeribus,
1230 3548 1417 3620 rigidioribus,

191 3637 256 3678 mex
269 3622 392 3677 deciduis
404 3623 512 3690 vestita,
531 3621 638 3676 demum
650 3637 718 3676 vere
732 3621 841 3673 omnine
859 3620 998 3692 glabreta3
1017 3621 1044 3673 in
1063 3619 1163 3690 pagina
1178 3619 1305 3674 inferiore
1319 3619 1416 3674 eedem

192 3699 315 3746 temente
337 3701 468 3764 argentee
487 3702 517 3749 ut
538 3693 566 3747 in
590 3691 691 3746 adultis
713 3699 802 3758 tecta,
822 3700 849 3744 et
867 3690 982 3748 stellulis
1001 3691 1214 3760 approximatis,
1234 3687 1417 3743 rubro-fuscis

192 3760 376 3832 pulcherrime
402 3771 547 3832 punctata,
575 3763 634 3816 sive
660 3761 749 3832 prima
775 3759 914 3816 'eventute
938 3761 1047 3814 omnine
1074 3757 1268 3814 rubro-fusca.
1308 3758 1418 3830 θψιιαο

191 3831 377 3901 paucifleree,
405 3829 611 3905 receptoribus
636 3833 709 3902 plus·
723 3777 784 3883 e-ri
799 3838 929 3899 onustae,
956 3830 1041 3884 mrrlte
1065 3827 1177 3884 brevius
1200 3815 1415 3900 pedunculatae3

190 3902 360 3986 pedunculo
378 3901 422 3954 ‘at
441 3902 487 3958 lin.
506 3904 604 3973 leng03
622 3903 720 3958 rodite
737 3901 822 3956 mirlto
841 3901 1022 3956 brevioribus.
1058 3897 1232 3953 Differentiae
1251 3901 1417 3971 praecipuas

191 3973 342 4026 invenimus
368 3973 396 4026 in
418 3973 502 4044 flore·
539 3972 700 4028 'fomentum
723 3973 750 4027 in
775 3972 859 4026 dorse
885 3973 934 4026 cel
953 3975 995 4026 ets
1021 3969 1106 4026 multo
1127 3970 1219 4024 larius
1242 3970 1417 4040 breviusque,

192 4058 278 4126 quare
297 4043 385 4098 oeulis
403 4061 458 4098 nen
476 4043 587 4098 armetis
605 4043 758 4113 lepidetum
775 4042 893 4096 simulat.
960 4040 1041 4095 ctalo
1060 4040 1114 4093 late
1133 4050 1232 4109 erata,
1255 4042 1333 4114 apice
1352 4057 1416 4094 acu·

192 4113 311 4168 truscula
328 4123 399 4168 sunt.
433 4112 579 4170 Oeartem
597 4113 692 4168 eadem
705 4112 815 4182 quidem
832 4112 930 4180 ferme,
949 4111 998 4166 sed
1011 4110 1126 4164 stellulis
1145 4111 1416 4183 purpurascentihus,

191 4199 247 4238 nen
270 4182 446 4256 ferrugineis,
470 4184 553 4238 dense
572 4194 768 4251 tementesunr,
793 4181 936 4239 manifeste
953 4189 1141 4236 mucronatum
1160 4192 1216 4248 θεῖς
1240 4182 1418 4238 mucronato

192 4254 284 4322 brevi,
317 4254 418 4327 stylum
451 4263 602 4324 aequante,
635 4254 801 4308 semilineam
824 4254 872 4308 vix
903 4254 1046 4321 metiente,
1080 4252 1195 4306 stellulis
1219 4253 1306 4308 niveis
1333 4251 1419 4310 dense.
1518 4271 1519 4324 ξ

193 4333 356 4398 tementesp.
393 4323 497 4396 stylos
515 4323 676 4378 mucrenule
695 4323 919 4380 evariiinsidens
938 4332 1044 4378 etcum
1063 4339 1097 4378 ee
1116 4323 1262 4392 deciduus,
1280 4331 1418 4390 setaceus,
1518 4325 1519 4350 ³

193 4395 302 4465 glaber,
325 4399 466 4469 stigrnm
488 4403 615 4450 truncate
639 4394 802 4474 terminatus
822 4403 871 4450 est.
910 4393 1041 4470 Capsulo
1059 4393 1233 4462 ttocetmts,
1256 4398 1418 4452 contenet
1518 4399 1519 4452 l

193 4467 284 4520 emnia
301 4467 407 4537 reliqua
427 4473 455 4522 ut
474 4466 500 4522 in
520 4465 710 4538 praecedente.
