3080 4882
58 4075 67 4093 .
161 4033 262 4088 tribuit
282 4061 316 4073 -
339 4033 389 4088 llis
408 4031 574 4104 argumentis
592 4032 737 4099 seductus,
756 4039 835 4086 extra
854 4045 959 4086 omnem
978 4029 1175 4086 dubitationem

471 156 971 260 'fleas-..-

164 375 314 442 dissectus,
339 372 451 430 exbibet
473 373 594 430 ουιιὶιιπι
610 375 783 432 solitarium
801 334 933 432 localem
951 331 1048 432 aciani
1065 377 1280 450 accapaaa„in
1297 374 1390 449 figst.

164 444 199 500 cl.
218 442 287 500 om.
306 443 342 499 ad
364 443 584 500 Tremandrom
601 444 663 502 voi
683 445 703 501 l.
723 463 749 517 p.
766 443 827 502 123.

164 537 224 598 Peg.
242 529 303 585 218.
323 535 417 584 Nomen
439 534 609 586 Tetratbecoe
627 538 767 586 aculeatae
784 537 869 586 Staate
888 537 1012 594 deleatur,
1032 539 1132 602 eJusque
1150 539 1229 588 locum
1248 543 1365 601 occupet:
1388 548 1392 554 ’

250 631 545 701 memnonem
572 632 816 704 rubriscta
851 634 957 697 Lmdt.
980 634 1067 718 App.
1090 634 1132 698 ad
1156 631 1228 699 Bot.
1250 631 1335 720 Reg.
1358 655 1390 720 p.

247 716 421 782 XXXVIII
442 718 505 784 No.
529 718 605 783 185!

234 807 323 870 (flers.
342 808 434 858 eren..
453 808 502 859 no.
523 801 615 872 1319.)

147 960 153 969 Ι
233 889 410 964 comparatis
428 892 621 964 speciminibus
638 891 880 958 Drummuudiauis
899 891 1061 948 authenticis
1081 891 1277 948 Tetratltecae
1294 891 1390 948 rudri-

162 971 252 1020 retae.
269 961 361 1018 Lindi.
381 981 399 1016 a
415 964 477 1016 viro
497 963 675 1019 celeberrimo
693 964 754 1034 ipso
774 962 908 1032 delinitis,
927 964 954 1016 iu
973 962 1150 1018 barbariora
1169 964 1196 1017 io
1214 961 1390 1020 Berolinenai

164 1035 330 1102 asservans,
354 1033 479 1103 equidem
503 1051 558 1088 nou
582 1032 698 1104 amplius
717 1032 827 1100 dubito,
851 1033 917 1103 quin
938 1043 1034 1090 nostra
1055 1032 1159 1090 Tetrat
1180 1051 1233 1090 eea
1251 1034 1391 1090 aculeata

163 1105 539 1237 ‘³³⁶iri⁹i⁰i⁸disi“¹⁰s⁰
553 1102 1042 1230 {imitabiliaiimliii
1057 1105 1215 1230 :iiiiii
1228 1102 1389 1232 sitinii

163 1192 332 1312 liliisstano',
350 1217 401 1300 uec
420 1192 550 1301 dilierunl)
565 1245 629 1300 nial:
649 1243 728 1300 caule
747 1246 883 1316 ramisque
902 1245 968 1300 seclo
986 1246 1079 1321 rigidis
1098 1193 1188 1302 rlrbris
1202 1245 1310 1320 paullo
1324 1245 1390 1300 dea·

109 1356 115 1366 .
162 1319 225 1370 aias
243 1315 346 1368 obsitia.
365 1344 401 1354 —
418 1313 590 1372 Restituatur·
607 1315 690 1388 igitur
707 1331 806 1370 nornen
824 1315 1024 1390 Lindlepaaum
1042 1317 1127 1372 multo
1146 1316 1389 1390 priusvulgatum!
1419 1367 1429 1378 ,

163 1406 224 1527 l’tatg.
242 1399 310 1524 tllil,
330 1405 444 1455 deleatur
466 1420 552 1456 nomen
580 1405 750 1458 I'etratlecue
775 1407 943 1458 Prcisaiaaac
961 1411 1058 1466 stacte,
1085 1411 1109 1458 in
1138 1411 1206 1470 cajus
1230 1407 1309 1456 iocum
1334 1407 1389 1456 aub-

162 1490 239 1524 srua
254 1489 294 1526 ar:

248 1583 542 1671 Tetratheclt
577 1599 779 1686 pilifera-
808 1601 950 1689 Liudley
990 1605 1077 1688 App.
1115 1607 1158 1670 ad
1195 1605 1268 1674 But.
1305 1609 1389 1694 Reg.

198 1724 209 1741 .
246 1709 278 1770 p.
293 1687 467 1752 xxxvm
488 1689 551 1753 No.
575 1687 651 1754 rsa!

233 1778 322 1838 (uera.
341 1779 433 1826 erem.
451 1778 498 1828 ua.
521 1772 611 1840 1323.)

234 1863 391 1918 Avaritate
416 1861 491 1916 band
514 1862 613 1932 procul
638 1862 781 1930 aberravi,
806 1879 904 1934 qurum,
929 1865 1084 1936 suspicione
1109 1864 1221 1934 ductus,
1247 1884 1273 1937 p.
1293 1861 1345 1917 teo
1362 1869 1388 1921 in

163 1929 231 1987 ons.
250 1929 275 1987 3.
295 1933 488 2003 conjectarem,
507 1933 541 1987 cl.
560 1932 733 2004 Lindleyum‚
752 1949 834 2002 quum
853 1933 980 1989 definiret
1001 1933 1211 1991 Tetratltecam
1218 1937 1389 2009 pelliferum,

162 2011 283 2056 nostram
301 2005 422 2074 speciem
446 2013 510 2059 ante
535 2003 631 2058 oculos
652 2003 790 2071 habuisse.
827 2004 974 2076 specimen
993 2006 1063 2060 enim
1082 2005 1265 2062 authenticum
1287 2007 1389 2063 Tetra·

163 2071 267 2128 iliacae
288 2074 443 2147 piliferae.
479 2073 586 2142 Lindi,
618 2074 693 2145 quod
719 2076 880 2146 comparavi
903 2076 929 2129 in
952 2075 1081 2132 herbario
1105 2077 1181 2148 regio
1204 2076 1389 2147 Berolinensi,

162 2143 237 2198 nulla
255 2154 321 2199 nota
340 2143 430 2200 dltiert
447 2163 465 2199 a
482 2145 576 2216 planta
594 2143 767 2200 Preissiana!

162 2235 222 2298 Peg.
235 2229 288 2283 220
306 2236 337 2284 ad
349 2235 545 2298 I’iatbytltecarn
554 2237 684 2299 polioides
696 2237 779 2284 Stoetz
798 2235 885 2296 (Ilerb,
898 2237 989 2286 Praise.
1003 2237 1051 2288 No.
1065 2231 1144 2301 1381))
1163 2239 1226 2288 adde
1236 2242 1388 2304 synonyma:

164 2423 245 2505 1846
278 2339 485 2488 ffitrfggpca
511 2339 701 2400 verticillata
731 2335 859 2402 Paxton
883 2318 1061 2424 blagazine
1085 2339 1126 2406 of
1142 2340 1272 2424 Botany
1295 2340 1389 2422 Sept.

293 2543 486 2605 Tetratlteca
502 2545 654 2624 speciosa,
678 2551 710 2606 et
732 2542 1149 2630 'liemaadrjaoerticillctm
1165 2541 1258 2607 Hori.
1281 2545 1327 2625 (v.
1340 2544 1388 2626 v.)

232 2643 297 2696 leon
320 2644 441 2714 plantam
465 2654 586 2699 nostram
610 2643 679 2700 bene
704 2642 802 2712 refert,
827 2660 910 2713 quum
928 2661 996 2698 vero
1022 2644 1094 2697 omni
1116 2642 1194 2698 floris
1213 2645 1258 2700 vel
1283 2643 1388 2700 fructus

162 2714 396 2785 nualysicareat‚
415 2716 479 2769 novi
499 2715 605 2786 generis
623 2715 708 2768 nostri
728 2713 915 2768 characterem
935 2715 1042 2768 minime
1059 2713 1187 2769 illustrat.

161 2803 221 2866 Peg.
234 2798 287 2851 211
305 2809 461 2854 removeatur
473 2819 563 2854 nomen·
574 2803 747 2855 liemondrae
758 2803 956 2868 opposltisoliae
966 2805 1075 2861 Steudel,
1092 2807 1191 2870 ejusque
1202 2808 1280 2856 locum
1291 2811 1387 2856 tenent:

245 3011 308 3076 No.
334 3009 377 3074 1.!

230 3101 320 3158 (Hcrb.
339 3100 430 3152 Praise.
450 3101 497 3149 No.
518 3093 607 3165 lbtib.)

168 3185 178 3197 “
231 3186 366 3255 Autopsia
389 3185 487 3239 ramuli
509 3185 663 3256 speciminis
693 3183 843 3239 authentici
872 3183 1078 3238 Treneaadrae
1101 3185 1269 3308 rtellipmae
1292 3183 1387 3253 aua,

160 3271 240 3324 quem
262 3255 420 3311 liberalitati
443 3256 613 3311 celeberrimi
631 3254 754 3310 Hoolreri
772 3255 875 3322 debeo,
894 3255 1038 3310 convietus
1056 3271 1131 3322 sum,
1156 3263 1278 3326 pantani
1295 3254 1387 3310 Prels·

88 3347 93 3356 ·
159 3327 264 3380 aianans
281 3343 336 3380 non
354 3344 416 3382 esse
433 3343 533 3382 novam
546 3327 676 3398 speciem,
694 3324 743 3380 sed
755 3341 850 3380 veram
866 3323 1086 3380 Trmnaadram
1096 3326 1281 3398 stelllqeram
1292 3323 1387 3393 R.Br·.‚

161 3397 236 3468 quod
252 3405 357 3452 'nomen
374 3397 470 3470 igitur,
495 3406 622 3467 tanquam
640 3395 726 3449 multo
746 3403 828 3452 antea
844 3403 1029 3466 nuncupatum
1048 3396 1128 3452 etiam
1147 3405 1258 3452 nostrae
1277 3397 1388 3468 plautae

160 3467 300 3522 servetur!

86 3525 92 3538 ⁸
230 3537 333 3593 Paucis
351 3538 444 3592 verbis
469 3551 609 3608 exponere
633 3536 730 3604 liceat,
774 3535 852 3590 uibus
878 3536 912 3590 de
930 3537 1036 3592 caussis
1055 3547 1207 3590 commotus
1225 3536 1289 3605 sim,
1315 3546 1344 3592 ut
1361 3538 1388 3591 in
1450 3565 1453 3572 ·

159 3607 216 3664 No.
239 3605 307 3662 1669
331 3608 450 3663 herbarii
468 3606 617 3662 Preissiani
640 3623 740 3662 novam
785 3607 968 3662 reanandrae
990 3608 1110 3678 speciem
1128 3607 1335 3675 constituerem,
1360 3615 1387 3662 et

160 3679 200 3734 sic
224 3680 252 3733 in
276 3695 399 3735 errorem
424 3678 498 3733 haud
522 3676 610 3733 levem
634 3678 789 3732 inciderem.
826 3676 950 3734 Caussae
974 3677 1027 3733 liae
1045 3687 1108 3733 sunt
1126 3677 1211 3732 duae:
1245 3676 1271 3743 l)
1289 3676 1388 3733 Patria

165 3747 371 3806 Tresnundrae
387 3749 557 3834 stelliparae
573 3748 601 3804 in
618 3748 652 3802 cl.
673 3747 818 3804 Candullei
837 3748 1003 3819 prodromo,
1021 3748 1039 3802 l.
1059 3765 1083 3802 c.
1106 3747 1217 3816 tributa,
1232 3757 1264 3828 et
1282 3745 1310 3814 t)
1331 3748 1387 3874 egi·

179 3819 270 3876 brasis
295 3820 322 3875 in
340 3821 375 3875 cl.
393 3819 552 3876 Endlrcberi
576 3836 678 3890 genera
701 3818 857 3890 plantarum
876 3836 938 3889 pag.
961 3815 1027 3870 1077
1047 3817 1084 3872 ad
1101 3815 1157 3872 No.
1177 3815 1308 3874 5641..-
1369 3819 1386 3876 Ι,

160 3839 328 3946 Eordaikos
346 3892 363 3946 l.
378 3909 402 3948 c.
421 3889 531 3948 Novam
549 3889 722 3946 llollandiam
742 3892 917 3946 orientalem
932 3887 1318 3962 Tremcndraestelliperaa
1330 3891 1387 3946 vin·

161 3961 251 4029 dicat,
274 3971 301 4020 et
320 3962 354 4018 cl.
372 3960 522 4018 Eudlicher
540 3959 557 4016 l.
577 3979 600 4016 c.
624 3959 830 4018 Tremaadrae
852 3959 998 4031 speciebus
1017 3959 1142 4014 omnibus
1165 3960 1254 4046 folia·
1267 3961 1388 4046 elimata

160 4104 283 4172 admovi,
307 4111 444 4160 nostram
465 4101 700 4166 Tremundrcm,
723 4103 750 4158 iu
768 4101 853 4160 Nova
870 4100 1019 4158 llollandia
1036 4039 1387 4174 occidentallosrllssffrtlslss

161 4184 189 4231 et
213 4175 299 4246 foliis
325 4179 471 4250 oppositis
497 4175 672 4240 instructam,
703 4191 721 4226 a
748 4173 893 4244 speciebus
918 4190 935 4227 s
959 4171 993 4228 cl.
1018 4172 1050 4228 R.
1074 4169 1209 4228 Brswnio
1232 4173 1387 4240 nominatio,

162 4250 282 4302 amatae
301 4246 451 4302 diuersam
469 4263 545 4310 esse,
565 4243 705 4328 imprimis,
724 4260 807 4313 quum
827 4243 915 4298 omnis
934 4242 1084 4316 descriptio
1102 4245 1260 4298 accuratior
1277 4243 1322 4299 vel
1340 4243 1386 4298 de·

160 4316 272 4374 lineatio
294 4314 500 4372 Trernundrae
524 4315 642 4386 alicujus
666 4314 819 4384 ublcuaque
838 4314 1017 4371 desideretur.
1052 4313 1177 4386 Uterque
1194 4332 1262 4370 vero
1280 4315 1388 4369 luorum

162 4387 305 4442 doctorum
325 4387 564 4446 celeberrimorum
583 4401 677 4442 errore
696 4401 730 4442 ca
750 4393 794 4440 tus
813 4395 864 4454 eat,
883 4395 913 4440 nt
931 4385 964 4442 el.
977 4384 1090 4442 Iloolrer
1107 4386 1133 4442 in
1151 4386 1236 4442 literis
1253 4385 1388 4442 benevole

162 4475 204 4513 me
221 4458 377 4514 informavit
396 4458 439 4516 lris
456 4458 563 4514 verbis:
584 4457 647 4527 „De
666 4455 706 4514 Ga
745 4456 801 4513 olle
819 4457 874 4513 aad
887 4457 952 4514 Don
971 4455 1043 4514 bare
1060 4455 1128 4513 botlr
1147 4456 1227 4512 erred
1245 4457 1272 4514 iu
1290 4455 1388 4527 saying

247 2924 549 2994 Tremandra
563 2923 820 3012 stelligera
835 2926 932 2993 aar.
948 2923 1020 2990 Dc.
1036 2926 1147 3010 prodr.
1170 2923 1207 2990 Τ.
1220 2927 1244 2990 1.
1267 2949 1298 3012 p.
1315 2930 1387 2996 3214.
1454 2891 1459 2898 ’
