3070 4876
307 641 313 648 ’
391 612 872 746 BU'F'I'NERIAO
881 636 1034 745 ΕΑΕ
1069 639 1214 744 RBr.

193 872 358 960 synopsis
383 875 692 962 Lasiopetalearum
721 890 760 944 et
775 879 1037 944 Bilttneriearnm
1063 880 1095 944 in
1119 880 1217 944 Nova
1240 875 1419 941 llollandia
1504 925 1505 972 3

690 981 920 1068 indigenarum
949 1065 951 1070 Ι

748 1160 861 1207 anctore

634 1288 801 1354 Jorcnrno
825 1289 971 1356 Srneuz.

262 1503 403 1575 Synopsin
424 1501 507 1574 hanc,
519 1503 669 1558 lectoribus
694 1504 821 1574 tradens,
844 1503 942 1559 lubens
966 1503 1071 1572 fateor,
1095 1521 1137 1558 me
1162 1521 1223 1558 esse
1263 1514 1418 1560 ersecutum
1504 1509 1505 1518 ’

192 1591 252 1628 eam
275 1575 363 1642 viam,
386 1590 468 1642 quam
490 1591 554 1642 egre
573 1574 598 1628 ie
622 1575 730 1646 aperuit
755 1576 805 1630 cel.
831 1575 907 1646 Gay,
930 1575 976 1644 qui
999 1575 1103 1646 primns
1127 1592 1198 1628 anno
1226 1523 1291 1626 lhll
1317 1577 1420 1632 tribum
1476 1619 1478 1622 ψ

190 1645 448 1716 Lasiopetalearum
466 1592 573 1698 condiri

190 1716 284 1770 stinxit
309 1724 336 1770 et
359 1731 373 1768 s
395 1714 467 1769 ecies
490 1717 599 1799 egregie
617 1715 779 1786 descripsit,
804 1716 921 1786 ideoque
940 1715 1115 1770 fundamenta
1127 1715 1197 1785 jecit
1213 1715 1294 1769 firma
1313 1717 1419 1787 operis,

569 1645 637 1712 ἥτ’),
660 1643 719 1714 ejus
738 1645 912 1700 characteres
932 1645 1007 1699 clare
1026 1646 1168 1716 exposuit,
1188 1661 1289 1718 genera
1307 1646 1358 1699 rite
1377 1646 1419 1700 di·
1504 1695 1505 1712 ἶ

191 1785 266 1856 quod
289 1802 358 1840 exae
378 1783 474 1839 rflcare
493 1802 552 1854 Jam
576 1792 618 1839 est
640 1784 755 1841 facilior.
792 1785 931 1840 Numerus
950 1804 1078 1857 generum
1097 1794 1179 1856 atque
1197 1787 1350 1857 specierum
1368 1804 1419 1841 nu·
1504 1785 1505 1794 ’

191 1857 309 1926 perrime
330 1854 414 1910 valde
432 1863 529 1910 auctus
549 1864 606 1923 est,
633 1865 661 1910 et
678 1855 803 1928 prolecto
822 1857 849 1910 in
868 1866 1007 1928 posterum
1028 1858 1109 1912 etiam
1128 1867 1251 1926 augetur.
1289 1855 1419 1911 Celeber-

189 1927 258 1994 rimo
278 1925 359 1995 Gayo
378 1925 449 1979 enirn
467 1941 521 1978 non
541 1925 697 1996 plusquam
717 1927 834 1995 quinque
873 1943 963 1994 enera,
983 1929 1090 2012 species
1110 1927 1204 2002 decem
1223 1926 1420 1998 amplectentia

188 2005 255 2051 nota
273 2001 360 2062 erant,
378 1993 461 2048 hodie
476 2011 544 2049 vero
562 2012 691 2049 numerus
710 2012 838 2066 generum
853 1945 914 2053 iere
934 1998 969 2051 du
990 1997 1098 2066 heatus,
1117 2014 1244 2052 numerus
1263 1999 1420 2068 specierum

191 2064 244 2120 ‘am
267 2066 293 2118 in
318 2064 500 2135 quadruplum
523 2066 619 2120 crevit.
655 2066 703 2120 Sic
727 2067 809 2121 etiam
827 2084 955 2123 numeros
972 2017 1196 2123 hilittneriearum
1216 2067 1332 2122 eNova
1349 2067 1419 2121 llol·

201 2137 283 2191 andla
305 2134 449 2190 allatarum
472 2135 627 2206 nuperrime
651 2137 818 2262 augebatur,
846 2155 960 2208 quarum
983 2149 1104 2208 quatuor
1129 2147 1232 2194 tantum
1255 2138 1362 2209 species
1389 2139 1420 2192 in
1504 2157 1505 2168 *

189 2207 246 2262 duo
275 2222 377 2278 genera
405 2206 563 2261 distributas
593 2206 644 2261 cel.
698 2208 777 2279 ay**)
806 2210 896 2277 novit,
929 2225 1015 2280 quare
1040 2209 1105 2264 mihi
1128 2210 1311 2264 necessarium
1339 2207 1420 2263 vide·

187 2278 284 2346 hatur,
303 2293 397 2332 omnes
415 2275 555 2348 colligere,
573 2294 644 2347 quae
662 2286 726 2349 post
746 2277 795 2332 cel.
815 2278 924 2402 Gaqum
942 2280 1067 2334 detectae
1084 2288 1111 2333 et
1130 2281 1319 2351 promulgatae
1341 2287 1420 2346 sunt,

187 2349 271 2419 idque
295 2365 328 2403 eo
353 2347 454 2420 magis,
477 2365 532 2418 quo
556 2349 644 2403 minus
667 2349 819 2420 scriptores
844 2351 1138 2422 purimi'recentiores
1157 2349 1228 2404 hanc
1246 2366 1303 2404 rem
1323 2348 1421 2403 absol·
1504 2349 1505 2380 ³

188 2426 295 2474 verunt.

259 2487 420 2555 Caeterum,
446 2504 527 2558 quum
551 2485 615 2540 mihi
639 2504 694 2541 non
717 2489 875 2558 contigerit,
899 2498 985 2544 totum
1010 2489 1266 2554 Blittneriacearnm
1290 2485 1422 2541 ordinem

189 2557 431 2628 comprehendere,
451 2559 542 2622 (solae
561 2558 632 2610 enim
649 2556 749 2628 Novae
762 2557 927 2613 Hollandiae
945 2561 1053 2629 species
1070 2558 1211 2626 indigenae
1229 2552 1293 2608 mihi
1311 2571 1422 2625 suppe-

188 2628 296 2696 tebant,
320 2643 408 2696 neque
433 2627 516 2696 copia
536 2626 602 2680 mihi
627 2637 685 2681 erat
710 2628 746 2682 ad
770 2628 995 2698 monocraphiam
1014 2629 1097 2681 totins
1117 2625 1221 2679 ordinis
1240 2625 1419 2681 conscriben-

189 2698 278 2765 dam,)
302 2693 431 2752 sulficere
454 2696 614 2763 videbatur,
639 2697 661 2748 si
688 2715 735 2765 ea,
760 2714 830 2766 quae
860 2709 903 2750 am
923 2697 1079 2751 accuratius
1097 2695 1237 2767 descripta
1256 2703 1333 2762 sunt,
1357 2712 1418 2752 non

188 2769 239 2822 nisi
261 2767 436 2838 attingerem,
464 2773 491 2820 et
517 2766 609 2819 locum
634 2766 832 2836 significarem,
859 2767 905 2821 nbi
929 2767 1077 2837 descriptio
1101 2776 1214 2834 exacta,
1241 2766 1300 2820 sive
1322 2764 1418 2836 ligura

187 2839 327 2894 illustrans
352 2845 451 2892 exstat.
487 2835 586 2890 Novas
604 2852 688 2903 vero,
713 2847 740 2892 et
765 2853 859 2890 omnes
882 2837 1004 2907 species,
1027 2837 1132 2891 nonnisi
1157 2837 1267 2893 ehrevi
1286 2835 1415 2908 diagnosi

187 2918 282 2977 notas,
302 2907 468 2964 accuratiori
487 2907 605 2960 examini
623 2905 728 2976 subjeci
748 2914 774 2964 et
791 2925 844 2977 pro
862 2907 965 2962 viribus
984 2907 1126 2978 descripsi.

257 2980 353 3050 ltaque
376 2977 552 3032 characteres
574 2977 714 3032 naturales
740 2977 859 3046 ordinis,
884 2978 1002 3033 tribuum
1021 2995 1204 3049 generumque
1221 2978 1316 3046 omisi,
1341 2995 1414 3048 qnos

187 3051 296 3106 tumel.
317 3049 378 3120 Gay
395 3049 414 3103 l.
434 3066 457 3104 c.
483 3057 538 3103 tum
557 3048 591 3101 cl.
610 3045 814 3116 Endlicher¹‘*)
840 3049 948 3120 egregie
973 3058 1173 3120 exposuerunt,
1198 3065 1361 3118 quamquam
1384 3049 1414 3102 in

187 3138 296 3191 quoque
313 3117 371 3173 lere
388 3135 488 3190 genere
506 3118 650 3174 nonnullas
668 3121 776 3191 species
795 3120 938 3174 anomalas
958 3136 1117 3175 enumerare
1129 3137 1242 3174 neeesse
1255 3126 1323 3187 erat,
1343 3135 1414 3187 quas

186 3202 302 3263 propter
320 3189 441 3244 habitum
461 3207 540 3259 quam
559 3190 676 3243 maxime
694 3189 945 3244 characteristicum
965 3206 1096 3261 separare
1114 3191 1203 3258 nolui,
1231 3206 1265 3244 ne
1282 3201 1414 3243 numerus

187 3279 315 3334 generum
338 3263 366 3315 in
383 3259 516 3315 infinitum
535 3268 690 3330 angeretur.
727 3261 802 3314 Satis
820 3260 917 3329 habui,
943 3261 1173 3332 descriptionibus
1191 3259 1288 3314 harum
1305 3260 1411 3330 specie-

186 3349 246 3386 rum
271 3331 459 3386 anomalarum
482 3330 686 3384 annotationem
709 3330 825 3396 addere,
847 3331 946 3400 inqua
966 3333 1070 3400 omnia,
1096 3332 1194 3402 quihus
1214 3349 1231 3386 a
1250 3329 1412 3384 charactere

186 3404 314 3474 generico
332 3401 471 3470 recedunt,
490 3399 576 3454 fusius
595 3409 776 3471 exponantur.
808 3398 908 3456 Omnia
925 3418 993 3457 vero
1012 3404 1089 3474 signa
1107 3403 1261 3457 constantia
1280 3410 1307 3455 et
1319 3417 1411 3455 essen·

186 3473 263 3528 tlalia
281 3473 384 3527 contuli
400 3473 427 3525 in
445 3471 557 3526 brevem
576 3470 719 3542 diagnosin
737 3488 876 3542 generum,
895 3488 976 3542 quam
996 3482 1025 3527 ut
1038 3475 1144 3528 clavem
1162 3481 1273 3526 nostrae
1286 3471 1411 3542 synopsi·

187 3544 229 3599 dis
254 3542 430 3598 considerare
446 3542 525 3596 velis·
562 3541 647 3600 Quod
668 3541 703 3595 ad
722 3542 868 3613 diagnoses
887 3544 1039 3614 specierum
1054 3543 1113 3615 jam
1132 3543 1331 3614 descriptarum
1350 3541 1411 3594 atti-

186 3611 246 3682 net,
271 3615 431 3684 plerumque
449 3619 562 3666 coactns
581 3627 670 3680 eram,
690 3629 738 3667 eas
757 3613 917 3681 emendare,
937 3622 1051 3686 propter
1070 3615 1178 3687 copiam
1197 3629 1329 3668 novarum
1348 3627 1410 3681 spe·

187 3685 297 3741 clerum.
334 3681 495 3738 Necessitas
514 3699 556 3736 me
575 3682 726 3738 excusabit.

255 4013 274 4064 ¹)
293 4012 316 4054 J.
337 4013 402 4066 Gap,
425 4010 594 4067 Monographie
620 4013 661 4056 des
685 4013 737 4068 cinq
761 4025 845 4069 genres
865 4014 894 4056 de
911 4014 1017 4068 plantes,
1042 4026 1086 4068 qne
1105 4013 1228 4069 comprend
1245 4014 1271 4056 la
1287 4011 1348 4056 trlbn
1367 4010 1408 4054 des

185 4076 364 4139 hesiopdttldee
383 4080 441 4125 dens
461 4083 486 4126 la
504 4081 592 4125 tantille
611 4078 851 4138 denumerantes,
870 4083 894 4128 iu
911 4083 1037 4128 Memoires
1057 4083 1087 4128 du
1105 4078 1214 4128 Mustium
1233 4081 1351 4126 d'histolre
1371 4092 1409 4124 ut·
1504 4101 1505 4108 κ

184 4154 279 4200 turelle.
315 4151 384 4197 Paris
402 4151 460 4198 latr.
497 4151 527 4196 T.
546 4151 685 4208 lpeg.431
705 4165 755 4209 sqq.
790 4154 874 4200 Aeeed.
895 4153 941 4200 tab.
961 4167 1013 4198 aen.
1031 4153 1079 4214 8.-

257 4242 285 4294 ”l
302 4240 326 4284 1.
347 4243 411 4296 Gap,
428 4240 556 4296 Fragment
573 4240 641 4284 d'une
658 4239 827 4297 Monographie
846 4243 888 4286 des
906 4242 985 4286 vraies
1004 4235 1193 4287 Bullndriacties.
1215 4240 1309 4286 ibidem.
1341 4238 1409 4283 Paris

186 4312 244 4360 182³.
281 4312 310 4356 T.
329 4309 355 4354 1⁰
370 4323 425 4366 pag.
444 4309 482 4352 lta
500 4323 549 4365 sqq.
586 4309 670 4354 hored.
688 4310 736 4354 tab.
756 4325 808 4355 serr.
826 4311 847 4355 l.

255 4400 294 4450 ⁸⁸⁸)
313 4398 417 4454 Stephon
437 4398 581 4450 Endlr'cher,
605 4411 692 4454 genera
718 4399 847 4454 plantarum
873 4401 997 4445 secundnm
1023 4400 1115 4446 ordinet
1140 4401 1260 4462 naturales
1287 4395 1409 4455 dispositu.

186 4468 336 4514 vindobonae
355 4467 491 4512 lffii-ldld
508 4481 529 4524 p.
548 4466 587 4510 995
605 4481 654 4524 sqq.
911 4471 918 4476 '
