3108 4900
464 1655 1086 1792 rnnnrnrro

623 2003 919 2012 ..ηιμ-...Ἠ

157 2213 274 2308 Multo
286 2243 398 2308 serius
422 2261 522 2326 quam
544 2241 579 2304 iu·
599 2241 689 2306 votis
711 2251 811 2326 atque
828 2241 1084 2327 exspectatione
1107 2262 1183 2306 mea
1199 2251 1284 2321 erat,
1299 2262 1388 2305 nunc

158 2389 294 2453 taudem
332 2387 421 2472 ¹quod
455 2386 623 2472 reliquum
646 2399 699 2453 est
722 2389 970 2475 descriptarum
992 2387 1201 2473 plantarum,
1231 2407 1318 2474 quas
1346 2387 1386 2451 cl.

157 2522 195 2587 L.
217 2522 335 2588 Preiss
358 2521 416 2587 Dr.
438 2522 473 2585 in
495 2520 731 2588 Australasiae
746 2524 901 2609 partibus
925 2523 1074 2609 collegit,
1097 2545 1185 2610 quae
1207 2522 1315 2589 solem
1331 2544 1388 2587 oc-

160 2657 325 2722 cidentem
342 2667 513 2742 spectant,
533 2656 572 2719 iu·
588 2657 710 2742 iisque,
733 2679 821 2743 quae
847 2659 935 2723 inter
965 2681 1126 2726 occasum
1154 2669 1187 2723 et
1215 2659 1389 2724 meridiem

158 2802 247 2872 suut,
270 2773 365 2858 foras
388 2791 583 2877 proferendi
605 2789 753 2858 facultas
779 2792 860 2856 mihi
883 2792 998 2859 oblata
1020 2807 1082 2873 est,
1106 2803 1273 2878 quatenus
1288 2814 1388 2878 prop-

157 2938 210 2991 ter
238 2926 481 3012 exemplarium
503 2891 724 2992 conditionem
745 2948 807 2994 eas
830 2935 990 2994 accurate
1014 2937 1115 3012 atque
1137 2936 1231 2992 certo
1249 2926 1388 2992 delinire

159 3061 271 3139 licuit3
301 3082 515 3148 quamquam,
539 3063 629 3145 quod
652 3063 768 3148 attinet
791 3065 834 3127 ad
856 3063 992 3127 modum
1013 3061 1294 3145 descriptionum,
1321 3081 1389 3126 nou

155 3195 263 3261 talem
285 3197 329 3259 ad
361 3215 421 3260 eas
452 3191 613 3261 adhibere
641 3198 735 3283 potui
765 3196 1056 3282 aequabilitatem,
1085 3194 1220 3280 qualem
1247 3195 1387 3281 primum

158 3329 293 3415 quidem
314 3351 568 3415 proposueram.
630 3389 631 3394 ,

163 3497 168 3504 ⁴
244 3466 432 3530 Praeterea
453 3465 488 3528 iu
510 3465 619 3532 animo
643 3465 810 3532 habebam
832 3467 977 3531 indicem
1006 3464 1170 3530 seminum
1193 3486 1215 3530 a
1235 3465 1387 3558 Preissio

161 3600 385 3666 collectorum
408 3611 441 3663 et
462 3600 576 3664 multis
600 3601 632 3663 in
656 3599 765 3667 hortis
789 3601 928 3686 egregie
952 3610 1141 3679 enatorum,
1165 3621 1252 3684 quae
1275 3601 1387 3665 Preis-

157 3735 229 3800 sius
252 3735 328 3820 ipse
349 3735 499 3801 numeris
523 3735 741 3816 distinxerat,
771 3756 887 3802 eorum
915 3736 1105 3801 nominibus
1135 3735 1281 3820 adjectis
1309 3733 1388 3798 huic

155 3869 317 3936 volumini
341 3870 541 3956 adjungere,
563 3871 597 3935 id
620 3891 738 3958 agens,
760 3870 870 3949 utils,
893 3869 949 3954 qui
971 3870 1108 3952 plantas
1131 3891 1175 3933 ex
1196 3868 1265 3933 illis
1289 3844 1388 3934 semi-

155 4005 254 4070 nibus
276 4015 479 4091 procreatas
501 4006 730 4091 possiderent,
753 4003 852 4069 simul
873 4015 1001 4069 rectam
1024 4025 1140 4070 earum
1163 4002 1387 4070 definitionem

7 4221 11 4234 Δ
41 4125 43 4130 ’
157 4140 420 4225 suppeditarem.
476 4140 546 4206 Sed
580 4161 681 4226 quum
709 4139 828 4205 iterum
862 4139 1048 4226 iterumque
1085 4139 1387 4206 animadverterem

153 4275 219 4340 hos
241 4295 418 4356 numeros,
447 4297 490 4342 ex
513 4298 580 4361 quo
602 4273 786 4355 PreissiuS,
808 4275 860 4340 vir
883 4273 941 4355 ol.,
971 4275 1156 4340 seminibus
1185 4275 1386 4340 distribuen-
