3070 4876
548 239 933 312 *tlt-

203 429 267 480 Hau.
292 430 319 478 iu
337 428 425 478 Norae
442 426 589 479 Haliaudise
614 442 657 477 om
681 409 969 488 australi-occidentali,
994 430 1020 478 iu
1041 431 1094 480 siud
1112 423 1180 490 itata
1195 429 1298 492 Georgii
1311 429 1356 484 iii.

135 497 252 566 (Hiigell)
288 501 315 548 In
338 500 390 548 solo
413 497 507 545 turioso
531 499 596 547 inter
620 499 722 548 frutices
744 500 776 548 ad
799 499 1147 565 Prinoess-lioyal·Harbour‚
1172 500 1196 550 d.
1221 495 1264 552 Ἡ.
1288 502 1358 564 Sept.

137 563 212 623 1840.
231 568 330 618 Preiss!
367 565 456 632 (Herb.
476 569 569 618 Preiss.
588 569 635 620 No.
654 563 752 636 iiiiii)
772 584 794 620 v,
813 586 834 618 s.

204 651 282 707 Haec
309 661 351 706 est
378 650 468 706 torma
493 651 576 706 vaide
603 652 769 723 peculiaris,
798 653 971 708 nihilomiuus
999 662 1088 708 tamen
1115 669 1169 706 non
1195 653 1358 723 separanda.

135 720 224 777 Folia
243 723 323 794 apice
341 722 436 793 paullo
455 721 597 776 obtusiora
610 739 690 792 quam
708 725 865 779 incaeteris
883 723 987 792 formis,
1007 723 1103 777 eadem
1115 731 1253 777 caeterum
1272 721 1361 778 torma
1448 752 1455 772 ι

69 793 73 800 ’
135 800 163 845 et
189 793 359 864 longitudine
384 801 414 846 ut
438 791 464 845 in
490 810 550 846 var.
570 802 609 855 α).
647 791 778 850 Recenti
800 793 991 849 confertissimi
1016 800 1043 848 et
1061 793 1212 864 longissimi
1231 791 1290 863 jam
1308 794 1359 848 sub

135 861 241 917 autbesi
260 861 472 933 ‘2-3·poliicaria.
509 863 698 919 verisimiliter
716 872 758 918 est
775 862 864 918 torma
882 866 910 919 in
928 865 990 918 solo
1009 865 1101 936 pingui
1118 871 1193 918 nala.

206 946 308 1004 Omnes
320 950 469 1005 varietates
488 948 718 1006 hac-sinrularem
733 952 841 1021 quidem
858 952 978 1007 habitum
997 949 1222 1023 praeseferunt,
1241 959 1359 1005 attamen

135 1019 229 1073 stricte
255 1021 383 1075 distinrui
409 1028 555 1089 nequeunt.
625 1021 756 1075 mnes'iu
781 1021 987 1076 characteribus
1015 1019 1206 1076 essentialibus
1233 1021 1303 1076 inter
1330 1037 1360 1076 se

136 1091 308 1145 conveniunt.
338 1063 438 1144 itiitere
456 1107 524 1144 vero
541 1089 641 1146 Comes
665 1109 749 1146 erma
761 1097 807 1148 vir
829 1101 882 1147 ata
900 1091 999 1146 Labili.
1019 1091 1054 1146 ab
1073 1090 1197 1145 omnibus
1215 1107 1228 1144 s
1251 1091 1360 1145 aciebus

135 1175 202 1213 orae
226 1160 351 1216 orientali
374 1170 401 1215 et
424 1161 530 1216 insulae
554 1179 609 1215 van
662 1161 748 1217 iernen
772 1111 922 1234 indigenis,
952 1161 995 1230 (ut
1014 1161 1074 1231 Jam
1098 1162 1132 1216 cl.
1157 1109 1360 1216 Labdiardiere

135 1230 237 1300 optime
255 1231 373 1297 monetr)
392 1229 515 1285 bractea
533 1231 694 1286 intermedia
710 1231 848 1289 herbacea
860 1233 1019 1303 longissima
1031 1233 1195 1300 acuminata,
1214 1230 1293 1299 22¹),
1313 1232 1360 1287 lin.

133 1298 230 1386 longa,
248 1301 410 1356 lateralibus
428 1301 612 1355 minutissimis
630 1302 854 1372 membranaceis,
873 1312 900 1358 et
917 1303 1029 1388 aepulis
1043 1307 1151 1358 antitis
1169 1302 1277 1358 duobus
1295 1318 1360 1356 con·

133 1378 212 1426 natrs.
248 1377 274 1425 A
297 1370 441 1444 speciebus
460 1371 568 1426 duobus
594 1371 675 1443 hujus
694 1374 823 1429 sectionis
842 1375 930 1445 primo
948 1374 1046 1428 intuitu
1065 1373 1145 1427 distin
1166 1374 1251 1426 uitur=
1277 1373 1360 1440 peril-

134 1440 217 1496 celle's
234 1443 319 1496 multo
338 1441 523 1510 brevioribus,
542 1451 569 1496 et
586 1447 682 1497 ramis
698 1444 784 1498 multo
802 1445 888 1515 magis
908 1444 1051 1515 angulatis.
1088 1391 1238 1500 Pedasus
1252 1443 1360 1513 fracti·

133 1510 198 1582 fert
218 1511 273 1566 imo
295 1513 396 1566 lineam
413 1529 484 1580 non,
508 1513 567 1567 sive
585 1513 634 1568 vix
652 1514 791 1569 excedunt
830 1531 885 1584 qua
903 1524 970 1569 uota
987 1531 1126 1570 racanas
1143 1512 1259 1568 formam
1277 1513 1361 1568 valde

135 1580 288 1648 diversam,
312 1582 397 1636 multo
423 1583 607 1651 angustiorem
627 1584 750 1655 adoptat.
788 1557 896 1657 depuli
912 1589 1009 1640 annet
1024 1584 1082 1638 lobi
1100 1591 1128 1637 et
1146 1583 1214 1639 alae
1231 1584 1259 1638 in
1277 1585 1361 1638 omni·

134 1649 186 1705 bus
205 1649 299 1706 formis
318 1651 502 1720 obtusissima,
522 1658 629 1707 carina
647 1653 709 1724 plus
727 1654 850 1710 minusve
868 1655 941 1708 laete
954 1669 1044 1722 rosea,
1063 1653 1171 1706 cucullo
1185 1655 1291 1719 citrino,
1310 1655 1361 1708 aiis

134 1721 242 1774 nonnisi
269 1722 364 1792 paullo
390 1722 509 1778 brevior.
552 1722 669 1792 Reliqua
693 1732 724 1777 ut
748 1723 775 1777 in
799 1723 924 1778 omuibus
947 1723 1029 1794 hujus
1052 1723 1182 1778 sectionis
1206 1723 1360 1793 speciebus.

139 1790 283 1863 Capsala,
308 1809 390 1861 quam
414 1793 441 1846 iu
465 1793 545 1847 unico
569 1793 718 1864 specimine
741 1792 986 1868 Comespermatts
1012 1793 1175 1848 lactescalt
1194 1793 1289 1848 Steud.
1314 1793 1361 1846 ob·

135 1861 262 1930 servavi,
288 1862 419 1933 capsulae
440 1861 688 1936 Comerpermate'r
707 1863 839 1936 conferti
854 1863 956 1918 habili.
979 1864 1115 1917 simillima
1134 1871 1189 1932 est,
1214 1863 1264 1917 sed
1282 1864 1362 1936 apice

135 1931 223 1984 minus
252 1935 434 2004 emarginata,
463 1942 490 1988 et
517 1935 643 2003 utrinque
670 1935 757 2006 magis
780 1935 942 2002 rotundato,
971 1951 1032 1988 curn
1055 1935 1148 2005 stipite
1170 1932 1249 1990 triu.
1269 1934 1363 2005 longa.

136 1999 247 2056 Samen
265 2004 423 2068 caruncula,
443 2019 528 2076 supra
544 2003 624 2058 basin
641 2005 723 2077 longe
741 2006 879 2078 producta
897 2004 959 2060 hinc
973 2005 1090 2060 cinctum
1108 2013 1158 2060 est.

210 2089 277 2144 Oba.
301 2089 322 2145 Ι.
359 2089 400 2145 ci.
425 2089 626 2147 Labillardiere
644 2092 662 2146 Ι.
683 2111 706 2146 c.
730 2093 842 2163 plantae
866 2110 934 2147 suae
956 2093 1063 2166 septula
1088 2099 1214 2146 caterno
1236 2096 1298 2147 trta
1316 2094 1362 2146 tri·

135 2159 209 2230 buit,
233 2160 334 2226 sedin
358 2179 371 2214 s
393 2163 505 2215 ecimiue
530 2161 686 2216 authentico
709 2162 830 2218 herbarii
847 2163 1036 2218 Wiildenowii
1061 2161 1167 2216 nonnisi
1186 2163 1245 2216 duo
1262 2177 1363 2218 revera

136 2231 251 2298 adsunt,
275 2239 302 2284 et
320 2181 427 2300 quidem
448 2232 543 2287 eadem
568 2231 672 2300 torma,
697 2250 752 2303 qua
769 2235 796 2287 in
815 2234 1007 2305 speciminibus
1025 2232 1198 2287 Preissianis.
1236 2231 1265 2286 ln
1283 2233 1363 2286 icone

137 2301 240 2374 calycis
259 2303 381 2373 anaiysis
400 2303 516 2374 propria
535 2303 713 2366 desideratur.

209 2388 276 2444 obs.
296 2388 322 2439 2.
357 2389 456 2446 Liceat
476 2391 606 2461 denique,
630 2391 924 2462 irrecompensatum,
947 2409 990 2446 me
1012 2391 1083 2446 hanc
1106 2389 1227 2446 sreciem
1252 2391 1279 2444 in
1302 2391 1363 2446 solo

135 2458 265 2515 herbario
283 2459 487 2530 Wilidenowii,
507 2459 586 2532 justo
611 2463 719 2517 nomine
738 2462 907 2535 designatam
931 2463 1076 2518 invenisse.
1113 2409 1143 2515 du
1162 2461 1285 2531 plurimis
1303 2461 1363 2514 her·

135 2529 219 2587 bariis
238 2531 293 2584 alia
311 2531 432 2602 species,
451 2532 612 2604 plerumque
631 2551 666 2588 ex
686 2550 736 2587 ora
754 2535 889 2602 orientali,
907 2535 1016 2588 nomine
1038 2532 1138 2587 Comes
1162 2537 1286 2586 ermetis
1305 2537 1363 2587 oir-

156 2605 202 2656 uti
217 2601 318 2656 Labili.
344 2611 442 2656 ornata
461 2611 517 2670 cst,
544 2622 568 2658 e.
587 2621 612 2674 g.
636 2603 843 2678 Gemespermc
862 2609 1009 2660 ericinam
1027 2602 1088 2660 Dc.
1152 2603 1214 2656 tiam
1233 2601 1362 2656 Museum

134 2619 292 2736 i’arisicnse
315 2671 386 2726 huuc
406 2690 527 2728 errorem
546 2675 727 2745 propagavit,
751 2692 833 2744 quum
851 2675 923 2729 banc
941 2675 1061 2746 speciem
1077 2691 1099 2728 S.
1117 2691 1144 2728 n.
1166 2671 1363 2746 Comcsperm.

133 2747 247 2815 cirpatc'
263 2740 363 2797 Labill.
383 2743 565 2813 distribuerit,
585 2743 659 2815 quod
678 2762 711 2798 eo
730 2746 815 2816 magis
834 2747 928 2810 miror,
948 2745 1022 2816 quod
1036 2745 1095 2816 jam
1114 2745 1147 2798 cl.
1160 2743 1363 2799 Labiilardiere

136 2821 227 2866 notam
247 2811 515 2882 characteristicam,
540 2814 695 2882 „bracteae
717 2815 895 2872 intermediae
913 2815 1092 2888 elongatae“‚
1112 2815 1156 2882 (in
1175 2815 1251 2868 nulla
1270 2815 1363 2886 specie

135 2900 203 2937 orae
222 2883 361 2938 orientalis
380 2885 508 2956 indigena
526 2887 670 2953 obviam‚)
697 2884 739 2939 his
758 2887 851 2941 verbis
869 2887 977 2942 minime
995 2885 1127 2956 ambiguis
1148 2884 1310 2954 explicarit:
1330 2915 1363 2924 —

136 2953 297 3024 „pediceilis
321 2953 449 3025 trigonis,
474 2955 581 3024 stipatis
603 2955 722 3010 bracteis
742 2957 827 3011 tribus
847 2958 996 3024 simulatis,
1021 2955 1148 3021 caducis,
1172 2953 1241 3006 binis
1260 2955 1365 3008 scilicet

135 3023 295 3077 lateralibus
314 3025 438 3091 minimis,
456 3023 719 3094 stipulaeiormibuS,
737 3035 844 3080 armato
863 3035 968 3080 tantum
986 3025 1068 3078 oculo
1089 3024 1255 3094 conspicuis,
1274 3029 1364 3078 tater-

138 3094 239 3147 mcdr'a
262 3111 331 3148 cero
351 3094 453 3147 codem
467 3094 616 3166 perticella
636 3095 798 3166 donpiori.“
816 3125 852 3135 -
876 3095 1053 3150 Examinatio
1072 3093 1227 3178 speciminis
1245 3092 1365 3148 herbarii

137 3162 326 3287 {Viiidenowii
345 3161 462 3232 denique
480 3181 585 3218 omnem
606 3163 640 3219 de
658 3164 712 3218 hac
730 3165 823 3236 specie
843 3165 1039 3222 dubitationem
1056 3165 1132 3219 illico
1151 3163 1276 3233 sustulit,
1295 3180 1365 3233 quae

158 3233 184 3288 iu
204 3251 247 3286 me
266 3232 358 3286 tenuit.

419 3480 542 3556 Sectio
569 3481 634 3556 lv.
689 3483 1082 3558 Gouasruuuasraurr.

241 3649 388 3751 Calycis
416 3649 561 3742 externi
587 3653 715 3750 sepala
740 3651 811 3726 duo
838 3650 1050 3750 inaequalia,
1071 3643 1229 3726 anticum
1257 3649 1364 3727 latius

137 3750 240 3852 apice
260 3753 437 3852 bilobum,
465 3753 645 3855 posticum
665 3754 852 3852 angustius
879 3755 982 3854 apice
999 3754 1199 3853 integrum,
1218 3760 1364 3830 'utrum-

138 3879 208 3952 que
231 3855 302 3930 'aiis
328 3857 472 3934 nonnisi
492 3857 639 3932 dimidio
661 3856 820 3932 brevius.
864 3857 1071 3934 Filamenta
1087 3857 1165 3935 basi
1183 3857 1365 3934 monedul-

139 3957 214 4056 pha
255 3983 385 4036 versus
425 3961 583 4036 medium
624 3959 787 4036 breviter
826 3960 1015 4062 diadeipha
1058 3987 1167 4063 supra
1209 3962 1365 4037 medium

138 4057 263 4134 libera.
316 4062 444 4160 Styius
472 4091 605 4140 versus·
636 4063 776 4163 apicem
804 4076 979 4146 curvatus
1012 4067 1173 4142 breviter
1199 4065 1363 4142 bicruris

142 4263 193 4330 23.
227 4266 568 4353 comesperma
588 4269 982 4368 ramosissimum
1007 4246 1177 4336 sesamis

228 4382 265 4450 C.
289 4383 453 4470 glabrum,
472 4389 587 4453 radice
608 4389 811 4474 multicipite,
834 4391 987 4458 caulibus
1002 4379 1284 4456 adscendaiidbuit
1298 4386 1363 4451 vir·

140 4469 246 4556 gatis,
280 4471 423 4540 racemis
450 4472 656 4558 simplicibus
677 4477 876 4554 contractis,
908 4475 1000 4542 soliis
1022 4482 1163 4558 anguste
1182 4469 1365 4538 linearibus
