3070 4876
631 135 1014 206 ...aori-...-

210 319 254 386 lis
275 319 515 399 terminalibus,
536 319 655 405 paucis
675 318 882 398 axillaribus,
903 316 1079 403 pedicellis
1100 314 1204 384 ilnres
1225 316 1428 402 subsequan-

211 406 298 472 tibus
318 405 373 471 vel
403 404 515 490 paullo
543 406 795 490 superantibus,
822 405 970 470 bracteis
1020 403 1124 468 labris
1151 402 1290 466 minimis
1314 402 1428 466 diutius

211 490 466 576 persistentibus
490 491 685 556 intermedia
711 489 905 556 lateralibus
933 425 1046 574 pactilo
1074 488 1243 569 longiore,
1265 485 1428 570 sepalis3

211 576 360 658 externis
386 574 532 654 obtusis,
559 575 681 660 petalis
702 575 741 652 3,
769 576 879 640 antico
901 576 1043 640 maximo
1067 572 1226 639 coeruleo
1252 571 1428 657 posticisi

211 659 519 728 coerulescentibus
541 662 616 726 basi
637 661 862 726 mediotenus
883 660 1013 726 ciliatis.

280 751 344 802 Hab.
358 751 382 798 in
391 751 480 799 Novae
489 751 636 799 Hollandiae
646 764 691 798 ora
703 750 976 799 australi-occidentali.
994 751 1020 798 lo
1034 747 1195 796 sonu-atvar
1206 746 1312 796 Colonia
1324 747 1429 810 legerunt

212 821 251 870 cll.
269 819 366 869 Preiss!
388 825 415 870 et
431 821 594 870 Drummond!
619 821 708 879 (Herb.
726 821 817 870 Preiss.
840 821 889 871 No.
910 814 992 868 10151
1017 819 1093 869 Harl).
1112 817 1269 866 Drummond.
1288 819 1392 872 Collect.
1406 813 1428 869 1.

211 893 259 940 Νο.
278 885 343 940 4851
362 890 404 954 (er
421 897 507 954 parte,
526 895 715 954 consequente
733 892 908 955 commixtum.)
927 885 962 952 (v.
982 886 1015 950 s.)

281 972 439 1030 certissime
460 974 535 1028 bona
560 975 682 1044 species,
696 991 870 1050 ‚quamquam
890 973 979 1028 obiter
1001 973 1162 1043 inspectae
1185 971 1372 1042 praecedente
1387 971 1428 1025 vix

211 1043 320 1098 differre
346 1045 463 1100 videtur.
504 1044 655 1098 Praeterea
682 1046 772 1116 patria
799 1045 924 1111 diversa,
952 1059 1003 1096 ora
1029 1043 1134 1096 scilicet
1162 1042 1355 1111 occidentalis,
1381 1059 1429 1096 uon

212 1114 367 1182 orientalis,
385 1115 571 1169 diversitatem
588 1115 698 1185 probat.
733 1113 908 1168 Differentiae
926 1113 977 1167 bas
996 1121 1153 1166 constantes
1173 1113 1334 1167 observavi:

282 1182 355 1238 'l'ota
380 1185 475 1256 planta
498 1183 626 1238 humilior
645 1193 686 1238 est
704 1201 785 1253 quam
807 1184 1013 1257 ibraespermu
1030 1182 1171 1248 volubile,
1197 1199 1282 1252 quare
1299 1183 1431 1238 radicem
1490 1211 1491 1214 ¹

212 1254 374 1323 simplicem,
398 1254 534 1323 palarem,
557 1255 740 1325 integumento
765 1256 916 1325 spongioso
933 1255 1061 1308 vestitam
1082 1255 1109 1306 in
1128 1253 1252 1307 omnibus
1272 1253 1431 1325 exemplari·
1490 1267 1491 1282 ³

211 1324 272 1392 ltus,
286 1340 355 1393 qrrae
369 1323 531 1388 examinavi,
544 1341 653 1396 semper
663 1324 729 1379 vidi.
754 1324 854 1380 Cauta
865 1325 1025 1396 plerumque
1040 1321 1095 1374 l-i·
1106 1323 1213 1392 sedalis,
1227 1341 1290 1377 raro
1304 1324 1397 1391 altior,
1409 1333 1432 1378 et
1490 1385 1491 1400 χ

211 1394 372 1464 saepissime
391 1393 596 1462 erectiusculus,
615 1396 673 1449 sine
691 1395 747 1448 ullo
767 1395 882 1449 aliarum
899 1393 1055 1465 plantarum
1073 1392 1100 1446 lu
1113 1411 1170 1448 cro.
1194 1393 1224 1448 lu
1242 1395 1432 1466 speciminibus
1490 1411 1491 1432 t

215 1464 464 1537 Gennespermattr
485 1464 622 1520 volubilis
642 1464 743 1536 babili.
767 1465 847 1519 radix
872 1465 1031 1536 plerumque
1051 1463 1237 1532 desideratur,
1265 1467 1329 1536 quia
1355 1465 1432 1520 altius

212 1534 328 1602 scandit,
347 1542 375 1589 et
393 1535 480 1588 caulis
498 1535 584 1588 murlto
602 1537 689 1604 magis
708 1544 806 1604 tortus,
825 1551 932 1606 semper
951 1535 1012 1589 aliis
1031 1534 1131 1606 plantis
1149 1535 1246 1589 vicinis
1258 1544 1432 1590 sustentatur.

212 1604 342 1660 Racemt
362 1605 390 1658 in
413 1613 508 1659 nostra
531 1606 626 1677 planta
644 1607 729 1661 multo
747 1606 833 1677 magis
853 1606 951 1674 erecti,
974 1611 1186 1675 conpetentis,
1211 1607 1369 1659 terminales
1388 1622 1433 1660 nec

212 1675 350 1743 laterales,
368 1675 428 1729 basi
445 1676 581 1730 interdum
601 1676 689 1744 divisi,
708 1677 898 1746 multomagis
918 1676 1045 1747 elongati,
1061 1692 1115 1728 non
1134 1692 1198 1729 raro
1223 1675 1433 1746 ¹l,-³l,·pedales,

214 1753 240 1801 et
263 1744 424 1817 plerumque
446 1745 551 1800 inferne
574 1746 646 1800 loliis
669 1747 792 1815 minutis,
816 1746 950 1802 iuter-dum
969 1743 1231 1816 squamaeiormibus
1249 1748 1340 1801 vestiti
1361 1755 1433 1811 sunt3

212 1833 277 1870 raro
295 1833 421 1871 racemos
439 1817 570 1870 axillares
588 1817 655 1884 vidi,
673 1818 768 1888 quales
786 1819 812 1871 iu
827 1817 1064 1891 Comcspermatc
1072 1815 1196 1871 volubili
1211 1833 1321 1888 semper
1339 1834 1433 1870 occur-

213 1894 282 1940 runt.
319 1885 408 1940 Folia
434 1887 593 1957 plerumque
620 1888 778 1955 obtusiora,
805 1888 864 1942 basi
892 1895 1037 1958 augustata
1062 1886 1187 1956 quidem,
1215 1888 1264 1941 sed
1290 1904 1345 1940 ooo
1371 1903 1433 1942 vere

212 1955 344 2028 petiolata
362 1963 432 2010 sunt.
469 1956 574 2012 Floras
590 1956 681 2011 laxius
700 1959 838 2029 dispositi,
859 1958 1016 2032 pediccllis
1034 1956 1192 2028 plerumque
1210 1957 1381 2027 longioribus
1399 1959 1433 2011 iu·

211 2026 309 2080 uident.
344 2026 495 2081 Bructerae
507 2027 608 2081 diutius
627 2030 783 2099 persistunt,
802 2046 887 2100 saepe
905 2030 960 2082 imo
978 2037 1042 2099 post
1054 2027 1187 2082 authesio.
1219 2027 1319 2082 Floria
1361 2035 1435 2082 ortes

212 2113 306 2151 omnes
325 2113 342 2150 a
360 2098 453 2166 specie
471 2097 654 2169 praecedente
673 2115 726 2153 non
745 2099 885 2167 differunt,
904 2099 952 2154 sed
966 2097 1074 2172 petala
1083 2103 1203 2172 postica
1221 2098 1300 2170 apice
1319 2046 1434 2170 pierum-

213 2185 265 2238 que
283 2168 489 2236 coerulescunt,
507 2185 558 2223 nec
576 2169 738 2226 flavescunt.
780 2170 909 2245 Capsala
926 2188 981 2224 non
999 2170 1128 2241 suppetit.

214 2271 264 2335 14.
297 2267 638 2358 comesperma
659 2274 878 2344 ciliatum
902 2275 1021 2342 steca.

299 2369 338 2437 C.
365 2373 533 2458 glabrum,
560 2373 650 2441 foliis
676 2375 806 2457 sparsis
832 2376 963 2440 minutis
991 2376 1107 2460 rigidis
1137 2376 1243 2440 acutis
1274 2374 1437 2440 subulatis

213 2457 349 2536 ciliatis,
372 2460 517 2524 racemis
539 2460 660 2524 erectis
683 2460 908 2525 terminalibus
931 2461 1112 2544 elongatis,
1135 2457 1312 2542 pedicellis
1333 2457 1438 2525 flores

212 2540 325 2627 paullo
354 2545 604 2626 superantibus,
632 2544 778 2608 bracteis
801 2544 923 2608 ciliatis
948 2543 1156 2610 filiiormibus
1178 2542 1315 2608 caducis
1336 2543 1437 2610 iuter·

212 2626 322 2690 media
342 2625 538 2692 lateralibus
559 2627 657 2711 triplo
679 2627 841 2712 longiore,
864 2627 990 2711 sepelis
1011 2628 1032 2691 3
1049 2628 1195 2693 externis
1211 2628 1437 2707 acutiusculis,

212 2709 336 2794 petalis
357 2711 395 2789 3,
424 2713 534 2778 antico
557 2713 699 2777 maximo
723 2710 880 2779 coeruleo
901 2710 958 2778 vel
984 2711 1124 2779 bicolori
1146 2713 1286 2798 posticis
1309 2714 1328 2778 2
1350 2714 1437 2779 intus

212 2798 316 2862 deuse
338 2797 498 2862 barbatis.

282 2885 347 2939 Hab.
370 2886 396 2934 iu
420 2887 507 2936 Novae
531 2885 679 2936 Hollaudiae
703 2899 748 2934 ora
771 2885 1060 2945 australi-occidentali,
1082 2885 1107 2934 ln
1130 2887 1302 2936 svau-River
1324 2888 1434 2944 Colonia,

213 2955 372 3004 Drummond!
391 2958 494 3010 collect.
506 2951 532 3006 2.
551 2959 601 3008 Νο.
614 2950 679 3006 4851
699 2955 742 3022 (ex
760 2959 838 3021 parte,
859 2971 912 3006 cum
927 2958 1126 3021 Comcspermute
1138 2961 1250 3008 tortuoso
1264 2957 1435 3019 commixtum.)

214 3023 254 3088 u.
274 3025 312 3094 o

284 3111 400 3182 Species
429 3110 649 3167 distinctissime!
699 3109 799 3166 Caults
829 3109 1052 3179 subbarbaceus,
1082 3112 1189 3180 tenuis,
1220 3110 1332 3184 glaber,
1362 3110 1436 3182 glau-

213 3197 345 3248 cescens,
373 3189 446 3234 teres
472 3182 600 3252 quidem,
625 3181 674 3235 scd
701 3179 837 3254 profunde
864 3181 1133 3250 striato-sulcatus,
1158 3191 1261 3251 tortus,
1287 3198 1352 3236 raro
1377 3182 1436 3236 aliis

232 3251 314 3304 lautis
345 3258 531 3320 sustentatus,
563 3252 613 3306 sed
645 3251 805 3322 plerumque
836 3252 919 3305 ramis
949 3251 1009 3323 ipse
1036 3253 1094 3307 suis
1120 3253 1259 3323 spiraliter
1285 3252 1436 3306 circumvo-

212 3269 305 3389 111113,
335 3338 419 3394 parce
449 3339 593 3390 ramosus,
624 3325 720 3376 rumis
750 3321 867 3389 erectis,
897 3323 924 3376 in
952 3338 1079 3377 racemos
1108 3323 1301 3378 desinentibus.
1350 3319 1436 3376 Folia

213 3408 327 3478 sparsa,
358 3403 479 3460 remota,
512 3393 631 3460 minuta,
663 3390 907 3460 brustemiensis,
938 3391 1097 3447 intemodiis
1128 3394 1267 3447 multoties
1297 3393 1434 3458 breviora,

213 3462 317 3534 rigida,
348 3462 615 3529 lineari-subulam,
647 3471 743 3529 acuta,
775 3461 896 3531 sessilis,
922 3462 984 3516 basi
1010 3463 1069 3518 lato
1114 3463 1259 3534 rejecturis
1283 3461 1436 3528 insidentia,
1486 3485 1487 3502 .

213 3533 277 3601 sed,
305 3542 335 3587 ut
351 3533 475 3600 videtur,
501 3550 562 3586 curn
586 3533 618 3585 iis
641 3549 695 3586 nou
714 3533 873 3600 articulata,
899 3533 1025 3602 enervia,
1050 3535 1187 3590 levissime
1205 3539 1351 3603 punctata,
1377 3531 1436 3586 snb·

214 3613 257 3656 tus
283 3620 422 3671 convexa,
447 3620 478 3657 su
501 3619 532 3656 ra
557 3619 682 3656 concava
698 3601 743 3656 vel
768 3602 937 3671 subiullexa,
961 3604 1083 3675 margine
1100 3601 1270 3725 longiuscule
1290 3610 1317 3657 et
1335 3609 1436 3656 remote

214 3671 412 3742 albo-cilinia,
437 3621 612 3744 utpdurimum
633 3669 717 3742 1¹]st
738 3672 784 3728 lin.
810 3673 909 3745 longa,
934 3674 978 3729 vel
996 3673 1132 3729 interdum
1151 3677 1157 3690 ¹
1174 3673 1207 3723 -4
1224 3673 1270 3726 lin·
1290 3674 1436 3737 metientia,

214 3743 380 3799 semiliueam
404 3743 480 3798 lata.
507 3743 636 3799 Racamt
657 3744 684 3797 in
703 3744 782 3814 apice
800 3760 938 3798 ramorum
958 3745 1127 3811 terminales,
1151 3751 1213 3797 ante
1231 3742 1356 3797 anthesin
1375 3759 1436 3797 cou-

214 3813 311 3882 tracti,
335 3813 426 3882 densi,
451 3812 612 3884 pollicares,
637 3813 743 3868 demum
762 3815 844 3870 valde
869 3814 1003 3884 elongati,
1026 3813 1193 3885 laxinsculi,
1210 3811 1436 3885 {id-pollicarem,

214 3898 320 3936 summo
351 3884 431 3952 apice
458 3885 579 3953 comosi,
611 3893 726 3956 propter
753 3885 882 3940 bracteas
909 3882 1050 3938 alabastra
1076 3892 1246 3954 superantes.
1291 3882 1438 3940 Pedicelli

214 3951 285 4006 ilore
310 3951 404 4024 paullo
428 3953 583 4024 longiores,
606 3963 748 4024 patentes,
773 3956 852 4026 apice
871 3953 1022 4025 paullisper
1041 3954 1200 4022 incrassati,
1225 3952 1270 4004 3-t
1289 3954 1337 4007 lin.
1356 3951 1436 4024 longi.

214 4022 400 4078 Bructerae
419 4024 555 4091 caducae,
579 4024 801 4092 snbherbaceae,
828 4025 1014 4092 acuminatae,
1038 4023 1208 4094 longiuscule
1231 4024 1436 4089 albo-ciliatae,

213 4093 374 4149 lateralibus
400 4092 417 4143 2
441 4095 657 4166 augustissimis,
684 4096 818 4163 setaceis,
845 4094 1013 4150 semiliueam
1042 4094 1143 4165 longis,
1171 4094 1332 4149 intermedia
1353 4081 1436 4147 multu

213 4163 338 4235 longiore
351 4172 378 4217 et
395 4164 504 4233 latiore,
526 4163 605 4233 l½=2
617 4165 663 4220 liu.
677 4166 770 4234 longa,
788 4164 897 4219 oruuino
910 4163 983 4218 loliis
996 4165 1184 4236 superioribus
1197 4181 1283 4236 supra
1294 4162 1437 4234 descriptis

215 4234 357 4301 consimili,
376 4235 426 4289 sed
439 4243 578 4290 structura
591 4236 722 4290 tenuiore.
754 4233 869 4308 Sepeia
882 4234 898 4287 3
912 4242 1037 4290 externa
1050 4245 1143 4302 ovata,
1161 4235 1340 4302 acutiuscula,
1358 4249 1436 4288 mem-

214 4305 366 4372 branacea,
390 4305 582 4374 subcolorata,
606 4304 749 4358 manifeste
773 4321 894 4373 venosa,
917 4307 1017 4360 lineam
1040 4306 1135 4377 paullo
1159 4305 1328 4361 excedentia.
1366 4302 1437 4358 Alae

215 4375 369 4444 obcvatae,
391 4376 452 4432 basi
469 4376 552 4450 louge
571 4385 597 4432 et
615 4375 732 4448 abrupte
750 4377 958 4448 unguiculatae,
982 4377 1172 4449 petaloideae‚
1194 4376 1266 4433 laete
1284 4374 1436 4438 coeruleae,
