3102 4882
32 2419 38 2426 ’
111 2444 114 2454 r
164 2405 279 2478 scyphis
298 2406 442 2476 axillisque

583 269 684 282 ...-
740 193 830 297 141'
867 217 970 282 .--“-

229 415 257 466 Iu
274 413 388 464 meroris
406 428 484 477 prope
501 413 580 462 lacum
597 413 692 462 insulae
709 414 868 464 Rctteanest.
903 414 980 463 Herb.
997 413 1089 466 Preirs.
1108 414 1156 466 No.
1174 416 1254 468 asta.

217 499 387 571 -Specimina
411 497 489 553 Euro
511 499 569 554 aeis
593 514 707 570 prorsus
730 515 867 570 congrua,
892 500 978 554 statio
1000 515 1070 554 vero
1093 500 1134 554 sia
1171 501 1247 572 laris,
1266 517 1328 558 cum
1344 502 1388 558 lric

159 563 265 626 Lichen
287 569 362 642 apud
386 581 439 624 aas
456 517 541 639 vulgo
558 568 596 622 sit
614 569 752 640 alpeshis,
769 569 816 624 vel
834 555 937 622 tariinm
955 569 983 623 in
1001 570 1079 622 calce
1092 569 1143 639 jun
1154 573 1195 624 mi
1214 571 1324 628 obviam
1340 591 1388 630 ve-

158 641 224 696 niat.
260 643 299 696 At
317 640 416 706 solum,
435 639 478 692 cui
496 639 654 708 innascitur,
672 639 748 694 micis
766 638 861 694 (lauch
881 638 980 694 liorum
997 639 1126 694 refertum
1145 641 1253 712 aliaque
1271 645 1389 698 macrior

160 709 283 780 ejusdem
302 709 405 782 speciei
423 707 514 764 forma
531 709 604 764 lecta
622 718 663 764 est
681 707 718 764 ati
736 725 819 782 rupes
837 709 852 763 i
873 709 958 766 abiles
977 711 1077 766 montis
1094 707 1210 768 Browa.

162 965 489 1056 CLADONTA
526 965 699 1056 Hoffia.
736 1017 796 1034 -
825 965 955 1056 Lich.
997 964 1106 1054 Eur.
1146 997 1252 1088 pag.
1288 976 1390 1064 206.

325 1102 457 1192 Endl.
488 1132 588 1220 gen.
618 1133 663 1220 p.
698 1093 784 1195 15.
827 1100 1080 1219 Cenomyce
1109 1100 1223 1194 Ach.

162 1304 192 1368 l.
247 1303 478 1375 Oludonla
498 1304 725 1390 retlpora,
748 1302 853 1370 thalla
877 1303 1053 1372 crustacco
1082 1304 1265 1390 maculoso
1293 1306 1390 1372 sube-

245 1400 460 1468 vanescente‚
475 1391 618 1473 podetiis
640 1389 845 1456 fruticulosis
866 1391 1103 1456 ramosissimis
1128 1391 1272 1476 ,turgidis
1298 1392 1389 1460 uadi·

270 1497 311 1540 ue
334 1475 662 1560 cribroso-pertusis
689 1475 804 1560 rigidis
837 1476 1023 1542 stramineis
1051 1476 1279 1555 dealbatisve,
1310 1498 1391 1562 upo-

246 1569 260 1624 t
284 1560 366 1626 eciis
389 1561 504 1646 nigris
548 1561 644 1626 Fries
667 1559 789 1626 Sched.
813 1558 891 1626 Crit.
914 1561 1001 1626 Vlll.
1058 1601 1071 1614 ι-

274 1665 489 1745 Boeotayces
514 1668 683 1745 retiporus.
710 1663 887 1726 Lahillard.
915 1661 1001 1730 Nov.
1029 1661 1118 1728 Holl.
1147 1673 1169 1726 t.
1201 1663 1274 1728 954.
1310 1661 1334 1728 f.
1361 1665 1391 1730 Σ).

249 1745 440 1833 Genomyoe
461 1748 549 1814 Ach.
572 1788 610 1800 -
634 1747 736 1815 Hcok
756 1747 821 1812 Bot
852 1745 966 1812 Journ.
988 1783 1031 1798 -
1052 1746 1249 1832 „Orgeck“
1271 1747 1391 1814 Abori·

248 1833 359 1918 gin'um
379 1833 419 1902 N.
444 1833 532 1899 Holl.
631 1912 637 1922 ι
1378 1879 1392 1907 ,

232 1956 259 2007 Iu
279 1957 380 2019 rupibus
398 1955 528 2019 baddagin
546 1961 630 2006 terrae
648 1956 794 2022 superioris.
830 1955 907 2006 Herb.
925 1955 1016 2006 Preiss.
1041 1956 1088 2006 No.
1107 1957 1187 2006 267³.

203 2077 208 2088 ·
235 2055 283 2109 Sin
304 2059 381 2111 alere
399 2067 515 2113 naturae
534 2056 695 2124 artificium,
714 2055 749 2110 ab
770 2055 810 2109 01.
822 2053 960 2112 Hoolrero
978 2059 997 2111 l.
1017 2075 1040 2112 c.
1058 2059 1138 2110 icone
1162 2065 1190 2111 et
1208 2058 1392 2129 descriptione

163 2125 245 2196 plene
268 2075 441 2182 illustratum.
477 2127 605 2183 Affinitas
623 2142 766 2182 veronen
788 2127 890 2194 liquet3
913 2126 995 2182 facile
1011 2126 1144 2198 lingerent
1166 2127 1206 2182 01.
1224 2133 1393 2252 reciperem

165 2213 228 2250 cum
246 2197 306 2249 aliis
325 2198 470 2268 speciebus
487 2197 690 2268 melanocarpis
708 2193 874 2266 peculiarem
898 2197 996 2250 sistere
1013 2199 1129 2265 seriem,
1152 2196 1255 2259 Novae
1306 2198 1392 2254 ollan-

165 2265 229 2319 diae
247 2266 361 2336 privam.
398 2267 470 2322 later
495 2274 633 2322 nostrates
651 2266 769 2337 analoga
815 2264 903 2319 uidem
923 2284 983 2320 cum
1012 2265 1051 2321 Cl.
1075 2268 1202 2339 furcata
1225 2277 1252 2323 et
1269 2271 1392 2334 unciali,

164 2336 247 2390 immo
267 2353 328 2391 cum
350 2335 389 2392 Cl.
409 2337 548 2460 turpida5
566 2353 662 2393 verum
680 2337 712 2406 ii,
736 2335 782 2406 qui
796 2282 871 2392 hanc
896 2353 1005 2408 quoque
1025 2337 1254 2392 distinctissimam
1274 2341 1394 2464 speciem¹

480 2408 686 2479 antipodosis,
711 2423 782 2462 nunc
802 2424 862 2460 cum
885 2405 925 2462 01.
944 2409 1073 2474 unciali,
1092 2425 1168 2483 'nnnc
1187 2426 1249 2464 cum
1270 2410 1293 2464 C
1303 2450 1309 2464 .
1327 2409 1393 2482 fur·

165 2485 236 2532 cata
255 2476 432 2546 confundunt,
449 2479 477 2532 in
495 2479 608 2550 perenni
626 2484 772 2533 versantur
790 2481 899 2534 errore!

166 2615 196 2678 2.
250 2614 482 2687 clauicula
515 2661 694 2688 .......
725 2613 885 2698 (sterilis)
909 2616 1054 2700 podetiis
1081 2617 1227 2684 ramosis
1254 2613 1394 2694 succutis

249 2697 403 2798 laevibus
426 2701 655 2782 ochrolencis,
678 2701 789 2766 axillis
810 2702 948 2786 perviis,
969 2703 1155 2786 apotheciis
1178 2747 1288 2770 .....
1430 2703 1431 2706 ’
1478 2710 1491 2724 “

236 2821 388 2872 succuum
407 2825 552 2886 cygnorum.
590 2825 665 2876 Herb.
687 2825 778 2875 Prcist.
797 2825 846 2874 No.
870 2825 950 2876 2674.

237 2920 304 2976 Cum
322 2924 397 2979 nulla
416 2927 507 2998 specie
526 2926 666 3048 descripta
684 2917 876 2996 conjungenda
891 2926 1017 2994 videtur,
1041 2926 1077 2980 cb
1095 2924 1233 2980 deiectum
1240 2883 1309 2980 vero
1327 2943 1394 2997 apo-

166 2991 319 3049 theciorum
338 3012 437 3049 nomen
455 2996 596 3068 imponere
635 2995 690 3048 aud
708 2995 795 3050 decet.
833 2997 948 3050 bidetnr
972 2998 1008 3051 ad
1026 2997 1219 3068 praecedentis
1235 2996 1334 3050 seriem
1352 3013 1394 3050 re-

165 3061 288 3132 ferenda,
307 3065 430 3135 podetiisv
443 3065 518 3120 hand
536 3063 657 3137 pertusis
673 3064 739 3119 licet
757 3065 969 3121 distinctissime.

165 3202 198 3266 3.
252 3199 514 3272 clanoniat
536 3203 794 3274 scutellam
814 3206 870 3266 Fa
892 3202 997 3269 thalla
1019 3201 1273 3287 micrcphyllino
1296 3183 1396 3288 squa-

251 3285 609 3372 mmoso-granuloso',
648 3291 792 3375 podetiis
828 3290 985 3356 brevibus
1017 3287 1223 3371 simplicibus
1256 3288 1394 3374 glabris,

253 3373 407 3438 deorsum
430 3375 624 3454 attenuatis,
654 3375 751 3458 apice
777 3374 923 3440 dilatatis
950 3375 983 3438 in
1006 3372 1179 3438 scutellam
1202 3395 1220 3439 e
1243 3395 1394 3441 concavo

249 3456 385 3542 plenam
405 3459 539 3528 badia'm
561 3458 810 3546 (disciformi),
831 3461 980 3546 margine
1001 3458 1224 3544 integerrimo.

236 3580 273 3630 tu
292 3581 418 3631 caudicem
435 3581 614 3632 Macrcaamise
631 3583 743 3632 Preissii.
777 3583 855 3632 Herb.
875 3583 966 3635 Preiss.
984 3583 1033 3633 No.
1052 3581 1131 3635 2696.

235 3679 384 3754 vegetatio
401 3699 517 3754 prorsus
535 3683 660 3751 trivialis,
680 3691 777 3739 exacte
796 3683 967 3754 cledonium,
986 3683 1086 3738 sterilis
1102 3687 1220 3754 propter
1236 3680 1349 3739 thallum
1369 3692 1396 3738 et

166 3751 281 3824 podetia
298 3753 508 3810 lusco-virentia
526 3772 544 3808 a
561 3754 647 3810 variis
663 3752 848 3827 phaeacarpis
867 3771 950 3826 aegre
962 3754 1157 3816 discernenda.
1194 3754 1230 3808 At
1249 3751 1396 3822 apothecia

167 3824 312 3878 scutellam
331 3823 508 3892 (Everaiaei)
528 3833 803 3894 recommemorent,
823 3833 852 3879 ut
870 3843 903 3880 ne
923 3826 996 3880 lecta
1014 3823 1150 3878 affinitate
1175 3840 1278 3877 novum
1302 3831 1329 3876 et
1346 3841 1394 3894 pe-

168 3893 271 3948 culiare
290 3895 397 3949 omnino
416 3894 496 3949 sistat
533 3913 612 3950 enus:
633 3893 814 3966 Acropoliis,
839 3843 995 3966 apotheciis
1018 3896 1045 3948 ia
1069 3894 1186 3965 podetiis
1208 3893 1395 3948 terminalibus

168 3964 334 4034 scutellatis‚
362 3966 423 4020 enci
444 3964 491 4019 ulo
509 3913 633 4020 tlrallode
651 3967 825 4034 marginatis3
850 3965 951 4020 lamina
970 3966 1052 4033 tenui,
1071 3967 1143 4020 ascis
1162 3965 1299 4019 diminutis
1317 3965 1395 4019 steri·

167 4031 220 4086 bus
240 3985 447 4106 (Gladoaiaeli
466 4036 548 4106 quale
566 4054 634 4092 vero
653 4037 778 4106 equidem
797 4037 833 4091 ob
853 4053 984 4091 canonem
1002 4036 1198 4105 Lianaeanam,
1216 4051 1301 4106 genus
1320 4034 1395 4091 dabit

169 4101 372 4174 characterem,
383 4171 385 4178 y
398 4123 448 4160 nec
475 4106 620 4162 character
638 4125 739 4179 genus,
763 4125 846 4180 aegre
859 4123 1029 4180 agnoscam,
1048 4107 1207 4178 priusquam
1227 4105 1315 4174 major
1329 4121 1394 4226 sepe·

168 4174 272 4228 cierum
296 4192 423 4231 numerus
450 4177 486 4231 sit
509 4178 640 4232 detectus.
681 4177 941 4249 Metamorphosecs
964 4178 1063 4233 seriem
1086 4177 1161 4232 clare
1184 4176 1305 4230 indicant
1352 4174 1396 4234 la-

170 4245 332 4299 doctarum
348 4245 427 4299 lusus
444 4247 656 4321 symphycarpi3
685 4249 713 4302 in
741 4248 781 4305 Gt.
804 4249 965 4306 scutellam
983 4257 1155 4319 occuparunt
1173 4244 1271 4317 scyphi
1290 4243 1395 4298 discum

168 4315 285 4386 indeque
303 4315 331 4368 in
349 4314 498 4374 scutellam.
512 4327 650 4375 mutatum.
771 4321 780 4340 “
