3080 4880
160 375 250 430 neque
267 357 414 432 quidquam
432 356 508 431 prius
525 357 619 431 babui,
636 371 717 434 quarn
737 370 766 417 ut
784 361 884 430 omnia,
902 377 974 432 quae
992 360 1026 418 cl.
1042 360 1243 420 rurenaumw
1260 371 1324 419 aute
1343 381 1390 418 me

161 431 263 503 publici
280 429 352 501 juris
375 427 494 498 fecerat,
518 439 546 486 et
563 433 680 502 quaein
698 432 732 488 cl.
754 431 902 505 Walpersll
920 431 1100 508 Rapsa-torto
1117 433 1279 490 Batanices
1295 441 1388 506 syste-

160 506 291 557 maticoe
317 501 409 556 adbuc
432 498 635 572 desiderantur,
662 502 697 556 ad
725 502 829 559 calcem
856 503 1055 559 dissertationis
1081 521 1159 560 mese
1182 503 1387 576 subjungerem,
1433 516 1437 520 ’

160 573 322 643 praesertim
339 587 422 643 quum
440 571 548 643 species
566 571 633 642 bae,
652 574 776 640 (etiamsi
794 573 904 646 plantas
919 573 996 645 ipsas
1013 591 1069 630 non
1087 574 1177 645 vidi),
1195 574 1231 630 ab
1250 574 1387 643 omnibus,

160 659 231 712 quae
249 658 266 696 a
284 659 326 698 me
344 651 519 698 enumeratae
536 653 608 714 sunt,
624 659 725 700 revera
742 643 869 701 diversae
886 645 1041 714 videantur,
1059 652 1194 716 quatenus
1210 662 1244 701 en
1257 644 1324 700 solis
1337 646 1386 701 de·

159 713 354 784 scriptionibus
366 713 424 768 siue
436 714 642 786 comparatione
654 714 831 788 specimlnum
842 714 1060 772 authenticorum
1073 725 1150 772 certo
1163 714 1292 786 judicare
1309 716 1386 772 licet.

159 781 255 854 ltaque
272 784 310 838 nii
327 784 440 852 mutavi,
458 782 496 838 nil
514 785 650 858 excerpsi,
668 786 718 840 sed
736 786 826 842 deseri
846 787 935 842 dones
953 787 1071 856 omuino,
1090 795 1120 844 ut
1135 787 1168 843 cl.
1182 785 1385 842 Turcnaninow

161 871 209 909 eas
227 855 395 924 elaboravit,
412 855 471 910 sine
489 853 546 910 ulls
562 854 790 930 interpretatione
807 805 852 911 ull:
870 857 1006 912 transtuli.
1082 929 1084 934 Ι

533 993 562 1061 E
583 995 668 1061 tribu
691 994 1010 1080 Lasiopetalearunr.

245 1129 574 1204 Guichcnotia
593 1131 878 1201 maerentira
903 1132 1057 1195 tarazas.

246 1233 284 1299 G.
306 1232 503 1317 pedunculis
525 1231 703 1312 1-2·fl0ris‚
724 1233 871 1299 bracteis
893 1234 998 1300 tribus
1021 1233 1159 1299 alternis
1181 1256 1202 1300 a
1224 1233 1308 1302 flore
1330 1259 1383 1301 re-

158 1317 382 1397 rnotiusculis,
406 1318 555 1404 capsulis
575 1317 663 1384 intus
684 1317 930 1404 glabriusculis.
1070 1374 1072 1378 .
1215 1373 1218 1377 .

228 1424 292 1475 llab.
310 1424 335 1473 in
353 1423 427 1472 Nova
443 1424 585 1489 Hollaudla,
602 1425 627 1474 in
640 1425 801 1474 swan-Rirer
812 1425 922 1484 Colonia,
938 1425 1092 1480 lirummond.
1111 1426 1214 1476 collect.
1228 1427 1277 1479 No.
1294 1423 1383 1490 103⁸).

228 1507 331 1564 Frutex
352 1505 385 1564 G.
405 1506 560 1580 ladisoliue
583 1509 704 1578 tenuior,
728 1509 813 1581 magis
837 1526 977 1578 ramosus,
999 1509 1028 1563 iu
1046 1509 1171 1565 omuibus
1194 1511 1318 1596 partibus
1340 1521 1383 1566 to·

158 1589 249 1637 mento
265 1579 394 1636 breviore
412 1587 439 1634 et
457 1579 544 1634 minus
562 1580 678 1652 copioso
698 1587 795 1648 tectus,
811 1579 896 1652 foliis
912 1579 970 1636 iere
988 1579 1073 1651 duplo
1092 1579 1270 1654 longioribus,
1288 1585 1373 1656 pauci

157 1650 255 1720 dorus,
274 1649 324 1706 sed
335 1647 467 1736 floridam
483 1650 597 1722 magnis,
614 1649 677 1704 illos
699 1647 732 1705 G.
751 1650 907 1722 tedisaltue
923 1651 1062 1708 multoties
1080 1652 1281 1723 superantibus.
1309 1651 1383 1708 con·

157 1723 233 1778 veuit
250 1738 312 1777 cum
335 1720 384 1775 nilo
400 1720 486 1793 solita
503 1721 632 1790 ternatls,
656 1721 819 1789 linearibus,
845 1722 966 1794 margine
981 1721 1129 1789 revolutis,
1152 1728 1316 1781 staminum
1333 1741 1382 1778 nu·

156 1809 250 1862 mero,
280 1789 480 1848 caeterarum
508 1789 598 1846 forma
624 1801 651 1848 et
675 1790 860 1861 dehiscentia,
889 1793 981 1864 stylo,
1012 1791 1144 1868 capsulis
1167 1792 1383 1862 trilocularibua,

157 1880 269 1919 numero
281 1867 438 1927 seminum,
458 1877 605 1932 eorumque
623 1859 712 1916 forma
724 1871 752 1917 et
769 1868 814 1918 atr
855 1861 947 1928 troia,
966 1862 1161 1934 evidenterque
1173 1864 1210 1919 ad
1228 1863 1282 1918 boc
1295 1882 1382 1936 genus

157 1934 281 2006 pertinet.
300 1931 513 2000 (Turcaaninow
531 1932 549 1987 l.
569 1949 593 1986 c.
613 1931 690 1988 Tora.
710 1931 786 1988 XlX.
805 1881 861 1989 Nl.
880 1935 904 1988 4.
924 1952 979 2007 pag
1003 1931 1081 2003 atta)

242 2051 510 2123 ThomtbSln
529 2051 706 2123 drssobn
732 2053 887 2118 iuraras.
921 2046 926 2053 '⁵

241 2151 301 2220 Th.
330 2151 427 2222 caule
455 2175 588 2225 ramoso
618 2150 753 2242 glabro,
781 2155 884 2221 ramis
912 2154 1054 2224 novellis
1078 2155 1382 2240 stellato-hispidis,

156 2238 246 2307 i'olils
260 2239 420 2308 viridibus
435 2241 576 2321 tauchis,
598 2239 677 2309 lobo
700 2241 807 2308 medio
830 2241 994 2326 longiore,
1016 2263 1119 2326 supra
1140 2253 1282 2309 tomento
1299 2241 1380 2307 stel-

155 2326 223 2392 lato
259 2345 338 2392 raro
377 2326 551 2411 adspersis
584 2328 701 2392 subtus
733 2324 805 2394 sere
839 2327 987 2413 glabris,
1025 2321 1156 2414 stipulis
1188 2327 1383 2394 semiovatis

156 2412 301 2490 obtusis,
335 2412 532 2497 pedunculis
560 2410 789 2478 terminalibus
816 2423 849 2478 et
876 2413 1071 2480 lateralibus
1100 2411 1280 2499 gracilibus
1306 2411 1381 2475 9-4-

154 2495 249 2562 floris
281 2496 363 2564 solia
393 2497 559 2564 multoties
591 2498 840 2580 superantibus,
874 2497 930 2564 cal
953 2520 993 2564 ae
1027 2497 1159 2579 (roseo)
1191 2496 1267 2558 hine
1299 2495 1381 2560 inde

154 2581 326 2648 fasciculis
353 2581 494 2666 pilorum
522 2591 626 2660 tecto,
653 2581 828 2648 filamentis
857 2583 1026 2649 sterrlibus
1052 2579 1239 2665 petalisque
1265 2576 1380 2658 nullis,

155 2669 271 2734 ovario
293 2676 488 2733 tomentoso.

224 2773 288 2821 Hab.
306 2773 331 2820 iu
349 2772 422 2820 Nova
439 2771 579 2828 Hortensia,
599 2771 623 2819 in
643 2771 804 2820 Suan-River
820 2771 933 2831 Colonia,
953 2770 1108 2822 Drummoud.
1126 2770 1229 2820 eoiiect
1249 2769 1296 2819 No.
1318 2765 1378 2823 1416.

228 2855 279 2913 Tb.
296 2854 457 2942 gladputue
474 2853 571 2977 Sgepd.
584 2857 622 2980 {la
639 2871 682 2910 me
700 2871 755 2978 uop
772 2853 869 2978 visaep·
882 2855 992 2912 videtur
1010 2851 1116 2924 affluis,
1139 2862 1169 2910 at
1187 2852 1277 2978 illidert
1292 2854 1380 2927 foliis

154 2925 726 3065 :illinitis'‘ttru‘tuit
748 2925 1381 3068 ittictttttttttittttitttitt

153 3071 237 3126 rosei.
274 3068 425 3123 Bructeue
446 3068 483 3122 lin
503 3068 595 3122 ulatae
620 3067 715 3122 colore
737 3084 781 3122 rna
801 3068 824 3122 's
845 3068 953 3122 intenso
976 3075 1004 3122 et
1022 3067 1132 3122 densius
1150 3067 1376 3122 stellato-tomeu-

153 3150 241 3196 tosae.
259 3084 511 3208 (Turcaaninowl.
530 3156 554 3194 c.
574 3136 652 3194 'l'om
671 3137 743 3193 xlx.
762 3083 818 3194 bill
837 3138 862 3193 4.
881 3157 908 3210 p.
928 3136 988 3190 500.

238 3253 507 3329 'l'iromasia
525 3272 708 3345 rugosa
734 3258 887 3321 feroran.

239 3361 301 3427 Th.
324 3359 421 3426 caule
443 3379 576 3426 ramoso
598 3359 764 3444 ramisque
786 3356 1142 3438 stellato-tomentosis,
1165 3357 1254 3426 soliis
1276 3358 1375 3424 alter-

152 3450 205 3514 nis
229 3447 337 3515 ovatis
367 3445 580 3511 subcordatis
602 3444 728 3509 obtusis
751 3444 995 3510 inciso-lebetis
1017 3465 1119 3529 supra
1140 3445 1299 3510 viridibus
1321 3466 1376 3508 ru·
1406 3453 1408 3460 '

153 3533 338 3620 gosissimis
364 3530 495 3615 punctis
524 3529 665 3596 elevatis
694 3529 826 3595 scabris
847 3531 965 3596 subtus
992 3536 1135 3596 tornento
1158 3529 1291 3598 stellato
1314 3529 1375 3594 lla·

151 3619 230 3686 vido
259 3619 302 3682 ad
329 3635 453 3682 nervos
481 3613 672 3682 calescente
695 3615 807 3696 tectis,
835 3615 1031 3699 pedunculis
1054 3615 1136 3685 folia
1158 3615 1377 3700 aequantibus

153 3715 209 3772 aut
231 3725 344 3788 parurn
368 3701 606 3769 excedentibus
627 3699 767 3779 issaris,
789 3699 910 3784 petalis
932 3699 1043 3779 nullis,
1065 3701 1257 3766 staminibus
1279 3701 1375 3766 steri·

46 3870 51 3878 ¹
152 3790 240 3857 libus
262 3785 568 3873 lineari-oblongis,
591 3786 707 3852 ovario
728 3788 835 3853 deuse
856 3796 1051 3854 tomentoso.

224 3896 287 3947 Hab.
306 3895 331 3944 in
350 3893 422 3943 Nova
440 3893 581 3958 Hellandia‚
599 3895 625 3943 in
644 3895 805 3943 swan-River
824 3894 935 3949 Colonia,
955 3891 1110 3943 lirummond.
1128 3891 1234 3940 collect.
1253 3893 1301 3942 No.
1318 3885 1376 3944 105.

222 3977 371 4036 Pedtcelli
390 3977 552 4033 brevissimi.
596 3975 747 4034 Bructerae
772 3977 925 4048 oblongae,
959 3976 1038 4048 apice
1061 3976 1109 4030 vix
1135 3975 1281 4044 dilatatae,
1314 3993 1377 4029 cum

152 4055 252 4126 calyce
276 4048 483 4107 coerulescente
507 4047 571 4120 pilis
593 4047 709 4103 stellatis
733 4048 801 4103 satis
825 4046 909 4104 dense
933 4053 1031 4102 tectae.
1076 4044 1228 4102 Aatberae
1251 4063 1377 4118 magnae,

203 4166 350 4176 ›u—-w—--w
356 4162 467 4174 —0--v—
473 4164 556 4170 -—-—-.-.

222 4231 239 4286 ‘J
257 4230 357 4284 Nescio,
381 4232 457 4272 utrum
481 4227 570 4272 numeri
595 4227 689 4273 indicati
713 4227 743 4272 ad
767 4205 927 4273 collectionem
948 4226 1045 4284 primam
1067 4225 1171 4288 berberii
1188 4226 1378 4271 brummondiani
1495 4231 1500 4236 “

150 4303 295 4360 pertineant,
320 4313 349 4343 an
369 4299 399 4344 ad
423 4298 584 4342 collectionem
605 4298 717 4352 alteram,
741 4298 779 4344 vel
796 4298 898 4343 sartam
916 4295 946 4342 sd
963 4297 1057 4342 tertiam
1075 4297 1204 4353 quandam
1227 4309 1297 4354 quum
1314 4296 1377 4340 enim

151 4371 283 4416 barbariam
301 4369 519 4414 lirnmmondiaaum
543 4372 615 4412 uun
639 4366 856 4426 perlustraremus
874 4379 918 4412 non
937 4367 1075 4425 eontigerit,
1099 4370 1194 4426 plantae
1212 4367 1255 4411 sub
1273 4365 1377 4411 numeris

151 4441 217 4486 bisce
236 4441 314 4486 editae
333 4441 356 4484 iu
375 4444 521 4496 conspectum
539 4451 615 4486 meum
633 4451 679 4486 uss
696 4441 816 4485 unumst.
903 4437 910 4452 '
