3070 4876
579 228 967 299 -294—

158 420 236 536 pecta
260 412 319 466 sive
343 411 438 483 paullo
462 419 549 480 torta,
575 412 737 485 plerumque
755 415 854 469 obtusa
873 423 900 468 et
917 414 1039 485 integra,
1063 411 1180 468 subinde
1198 413 1277 485 apice
1295 431 1392 470 ercnu-

170 491 217 539 ata
235 491 308 536 sunt.

228 551 340 606 Petale
358 551 502 607 lateralia
520 553 580 609 duo
603 554 707 608 minuta
730 553 904 622 accessoria,
930 553 977 608 ubi
1001 553 1102 609 adsunt
1126 553 1166 620 (io
1184 555 1266 610 unica
1287 565 1391 612 tanmm

158 623 250 693 specie
274 621 337 676 mihi
356 622 440 677 obvia
463 621 601 692 luerunt),
625 625 724 678 eodem
747 626 813 680 loco
831 625 971 678 collocata
989 625 1154 692 observavi,
1178 641 1234 694 quo
1256 626 1285 679 in
1307 626 1389 682 Cato·

157 711 243 748 eoma
261 692 363 748 Benth.
388 710 498 765 semper
516 696 705 766 reperiuntur,
728 696 746 749 i.
766 713 789 753 e.
809 695 875 750 tubo
894 697 1027 750 stamineo
1046 696 1100 750 ima
1118 694 1178 749 basi
1198 696 1324 766 utrinque
1342 697 1390 751 ad·

158 775 233 819 nata.

228 832 401 888 Filomcnta
418 833 445 889 in
464 832 559 887 tubum
577 834 752 903 stamineum,
771 834 997 905 monadelphum,
1017 833 1107 888 antice
1125 833 1186 888 basi
1205 835 1388 906 mediotenus

158 905 290 972 clausum,
308 920 393 1026 supra
411 903 529 957 medium
548 912 575 960 et
592 907 700 976 postica
716 905 823 973 lissum,
841 903 913 959 infra
931 905 1050 959 medium
1062 921 1124 958 cum
1136 905 1231 958 carina
1244 914 1271 960 et
1290 908 1388 976 petalis

158 976 273 1046 posticis
291 975 435 1041 cocitum,
459 990 545 1044 supra
563 975 677 1028 liberum
698 985 816 1030 connata
833 984 902 1029 sunt.
938 973 1011 1029 Pars
1029 974 1116 1028 libera
1135 976 1287 1044 acqualiter
1299 977 1388 1033 divisa

157 1053 214 1112 est,
237 1045 337 1116 plana,
355 1060 476 1112 venosa,
494 1044 658 1115 diadelpha,
678 1047 757 1117 apice
775 1043 958 1112 antheriiera,
976 1043 1097 1098 authoris
1116 1045 1242 1114 utrinque
1260 1057 1388 1116 quatuor,

156 1115 316 1238 pilarumqup
335 1114 538 1182 subsessilibus,
556 1115 615 1170 sive
632 1114 774 1169 illamenta
792 1115 888 1186 paullo
907 1131 993 1186 supra
1006 1114 1170 1170 divisionem
1182 1117 1273 1171 omnia
1290 1119 1387 1187 libera,

191 1186 303 1240 aniuscu
316 1203 333 1238 a
351 1194 422 1238 sunt.

159 1203 177 1377 Σ
194 1324 210 1376 h
228 1254 380 1309 Aatberae
391 1254 453 1308 basi
465 1251 578 1322 allisae,
597 1263 715 1322 erectae,
730 1254 899 1322 urceolatae,
911 1252 1105 1323 uniloculares,
1118 1256 1198 1326 apice
1210 1272 1282 1327 poro
1295 1259 1388 1330 amplo

178 1325 340 1378 eiscentes.

231 1393 377 1449 Ouarc'm
395 1412 413 1448 a
429 1393 516 1448 latere
535 1411 738 1466 compressum,
756 1394 925 1462 biloculare,
943 1395 1109 1462 obovatum,
1127 1395 1208 1464 apice
1226 1397 1387 1468 plerumque

157 1464 421 1535 subamarginatum‚
446 1465 473 1518 in
496 1465 620 1520 omnihus
641 1465 787 1537 speciebus
812 1464 952 1519 conforme
977 1474 1005 1520 et
1028 1464 1162 1536 (excepta
1179 1464 1276 1522 forsan
1295 1470 1387 1538 unica)

157 1534 350 1605 glaberrimum
369 1535 526 1589 observavi.

231 1604 327 1660 Orata
348 1607 377 1659 in
401 1606 525 1659 omuibus
549 1604 693 1690 speciebus
717 1605 864 1660 seminibus
891 1603 1042 1660 conformia
1066 1605 1115 1660 sed
1139 1607 1263 1676 minora,
1288 1609 1386 1664 eodem

159 1675 241 1729 modo
261 1675 362 1744 affixa,
381 1674 502 1746 pendula
519 1676 585 1730 vidi.

228 1744 569 1818 depraesentiarum,
590 1757 691 1813 rectus,
711 1745 902 1816 globerrimus,
920 1747 1021 1800 sensim
1039 1745 1170 1800 dilatatus
1189 1756 1217 1802 et
1234 1747 1387 1802 lateraliter

64 1858 66 1864 ,
158 1833 342 1887 compressus,
380 1817 522 1886 letumque
540 1833 637 1871 versus
656 1819 762 1886 apicem
781 1825 922 1885 curvatus,
942 1816 1077 1872 interdum
1095 1817 1186 1872 medio
1206 1819 1385 1888 geniculatus,

157 1888 236 1958 apice
254 1888 313 1942 sive
332 1835 541 1954 sulttruncatus,
565 1887 686 1941 breviter
705 1886 829 1954 bilobus,
855 1888 913 1942 sive
931 1889 1048 1942 bieruris
1068 1897 1122 1956 est,
1146 1904 1226 1941 crure
1244 1891 1386 1961 superiore

156 1967 302 2081 pprrecto,
329 1957 490 2029 plerumque
517 1965 619 2021 acuto,
644 1955 775 2012 interiore
802 1957 931 2013 deorsum
958 1965 1101 2030 spectante
1128 1957 1249 2028 obtuso,
1277 1961 1385 2031 stigma·

156 2028 176 2080 ti
188 2044 245 2082 ero.
685 2037 689 2044 '

227 2096 347 2170 Sttqmc
365 2097 523 2166 terminale,
542 2097 675 2169 simplex,
694 2099 1001 2169 cumrato-capitatum,
1041 2117 1058 2154 a
1078 2099 1195 2156 illosum.

228 2167 361 2242 Gapscla
384 2169 607 2236 membranacea,
632 2186 806 2242 compressa,
831 2117 1136 2241 runcato-spatlulata,
1162 2171 1242 2243 apice
1260 2169 1385 2238 dilatata,

157 2241 335 2310 emarginata,
352 2239 514 2294 mucrouulo
533 2241 560 2293 in
574 2240 785 2311 emarginatura‚
803 2241 930 2310 utrinque
943 2241 989 2294 ala
1001 2259 1090 2312 parva
1103 2240 1271 2314 triangulari,
1291 2241 1384 2296 obtus-

156 2310 258 2382 augulo
276 2318 367 2378 aucta,
386 2312 446 2366 sive
459 2310 584 2380 utrinque
596 2311 755 2378 rotundato,
771 2311 971 2380 mucronulata,
990 2312 1037 2365 vix
1050 2313 1226 2383 emarginata,
1245 2312 1385 2365 rarissime

155 2382 277 2451 margine
296 2381 401 2434 calloso
426 2380 545 2450 undique
564 2381 667 2448 cincta,
691 2383 719 2434 in
737 2381 858 2451 stipitem
876 2382 938 2465 plus
957 2383 1080 2437 minusve
1098 2381 1297 2452 longiusculum
1316 2389 1385 2432 atte-
1451 2387 1456 2392 '

155 2461 254 2517 nuata,
278 2451 337 2504 sive
361 2452 499 2505 rarissime
524 2453 582 2504 sinc
609 2451 682 2504 omni
707 2451 741 2504 sti
762 2451 799 2504 ite
824 2451 883 2504 basi
903 2451 1199 2522 abrupteangustata,
1221 2451 1384 2515 inutraque

156 2522 257 2590 pagina
279 2520 358 2575 sulco
381 2520 570 2591 longitudinali
590 2527 719 2584 exarato,
744 2469 920 2588 llilocularis,
942 2521 1074 2588 bivalvls,
1100 2520 1219 2590 margine
1237 2516 1383 2572 loculicide

156 2589 318 2657 dehiscens,
337 2590 497 2660 plerumque
515 2590 680 2660 glaberrima
698 2599 749 2644 est.

225 2657 350 2714 Semina
367 2660 395 2713 in
407 2660 487 2730 apice
504 2660 659 2714 loculorum
671 2659 805 2726 solitaria,
823 2659 953 2728 pendula,
973 2657 1157 2730 complanata,
1176 2656 1307 2727 oblonga,
1324 2658 1383 2714 sive

155 2729 389 2796 suborbicularia,
416 2745 549 2800 processu
573 2730 753 2800 persistente,
779 2729 872 2795 brevi,
899 2729 993 2795 tereti,
1019 2728 1048 2783 in
1072 2744 1178 2784 summo
1197 2728 1383 2798 dissepimeuti

155 2800 234 2870 apice
257 2797 356 2864 allisa,
385 2799 535 2854 carrrncula
552 2799 776 2867 membranacea,
800 2798 939 2869 pellucido
957 2797 1035 2865 hinc,
1054 2799 1160 2854 scilicet
1177 2799 1205 2853 in
1222 2799 1309 2854 latere
1329 2799 1382 2852 dis·.

155 2870 307 2940 sepimenta
325 2871 468 2942 proximo,
493 2871 599 2937 cincta,
625 2871 684 2924 sive
703 2868 912 2938 conmaculata,
930 2868 1125 2940 pubescentia,
1145 2879 1171 2925 et
1188 2869 1301 2940 insuper
1320 2870 1382 2940 pilis

155 2941 335 3008 longissimis,
354 2941 480 3010 sericeis,
500 2941 635 3008 comesis,
653 2941 681 2993 in
700 2939 812 2994 fundum
831 2956 917 3009 usque
936 2938 1067 3010 capsulae
1085 2939 1315 3010 dependentibus,
1335 2957 1381 2994 un·

134 3010 237 3080 ,dique
256 3012 379 3066 involuta
397 3012 501 3079 sunt”).
728 3053 731 3058 -

224 3083 377 3151 Antequam
402 3083 438 3136 ad
463 3083 614 3153 specierum
640 3079 824 3138 definitionem
849 3088 958 3147 vertor,
986 3079 1069 3134 liccat
1099 3080 1195 3148 paucis
1219 3080 1311 3134 verbis
1338 3079 1381 3134 hic

154 3169 281 3220 monere,
305 3151 331 3206 in
356 3160 428 3206 statu
448 3153 514 3207 vivo
539 3153 658 3206 omnium
682 3152 849 3225 specierum,
874 3150 948 3220 quod
968 3150 1003 3204 ad
1028 3147 1151 3204 corollae
1171 3159 1197 3205 et
1220 3151 1380 3223 praesertim

154 3222 263 3275 carinae
286 3220 403 3276 sormam
427 3223 537 3290 attinet,
562 3221 737 3278 characteres
755 3222 938 3277 verisimiliter
957 3219 1086 3276 exhibere
1109 3221 1198 3276 bonos
1217 3231 1300 3291 atque
1318 3239 1380 3274 con·

154 3300 272 3360 stantes,
290 3293 317 3346 in
335 3291 528 3364 speciminibus
546 3309 614 3347 vero
633 3294 714 3346 siccis
733 3291 893 3348 difficillime
912 3290 1071 3360 observari,
1090 3300 1117 3345 et
1134 3293 1182 3348 vix
1200 3292 1292 3348 verbis
1306 3291 1382 3362 juste

154 3371 181 3417 ct
199 3362 274 3416 clare
294 3364 409 3432 exprimi
433 3379 533 3433 posse,
558 3363 629 3416 unde
648 3362 766 3416 fortasse
784 3362 886 3418 lactum
905 3372 960 3430 est,
984 3369 1013 3416 ut
1032 3361 1179 3434 descriptio
1198 3362 1242 3417 hic
1260 3363 1316 3416 illic
1333 3379 1380 3414 na·

154 3443 244 3488 turam
266 3433 353 3488 minus
379 3441 509 3487 accurate
532 3433 705 3503 exprimeret.
742 3432 960 3504 Magnitudinem
986 3432 1129 3488 relativam
1148 3433 1232 3502 vero,
1257 3449 1380 3504 praeser-

154 3504 200 3557 tim
228 3501 305 3558 floris
333 3505 466 3574 partium,
490 3501 649 3574 plerumque
675 3503 758 3558 valde
785 3511 954 3558 constantem
980 3504 1087 3573 inveni,
1116 3520 1201 3573 quare
1227 3520 1382 3556 mensuram

154 3591 262 3642 semper
289 3572 346 3628 lere
374 3573 551 3643 descriptioni
576 3573 684 3642 addidi,
715 3582 742 3628 ct
768 3573 876 3643 quidem
900 3591 1055 3628 mensuram
1081 3571 1283 3640 Parisiensem,
1312 3590 1382 3642 quae

155 3662 172 3696 a
195 3644 228 3698 cl.
252 3643 377 3699 Linnaeo
401 3645 428 3696 in
453 3642 629 3715 philosophia
653 3641 791 3698 Botanica
810 3643 852 3700 ed.
872 3643 897 3698 ⁸).
933 3643 1058 3699 Berolin.
1082 3641 1156 3695 ΠΕΟ.
1182 3641 1237 3694 tab.
1261 3641 1292 3692 lll
1315 3642 1381 3697 deli·

153 3724 236 3768 neata
254 3722 302 3768 est.

185 4003 186 4012 ¹
222 3983 240 4035 *i
259 3983 382 4029 structura
406 3987 517 4041 capsulae
535 3989 559 4029 et
577 3985 689 4030 seminum
707 3987 731 4030 in
752 3989 874 4030 cotocomn
892 3982 977 4028 Beuth.
997 3981 1087 4026 omnino
1107 3981 1223 4038 aliaest,
1249 3995 1276 4027 ac
1296 3984 1319 4028 iu
1340 3987 1383 4028 Co-

153 4061 310 4110 mespermote,
328 4057 354 4098 nt
372 4057 402 4100 el.
421 4061 503 4100 auctor
520 4057 615 4113 generis
633 4057 650 4100 l.
670 4071 690 4101 a.
710 4057 806 4113 egregie
824 4055 936 4112 exposuit.
973 4053 1077 4108 Gapsnla
1095 4051 1157 4095 enirn
1168 4054 1305 4098 dolocomae
1323 4067 1382 4100 seur-

151 4135 194 4180 per
206 4125 339 4180 carnosula,
357 4139 402 4169 non
415 4127 599 4181 membranacea,
617 4139 661 4170 nec
674 4127 787 4183 stipitata,
807 4127 905 4170 sednon
918 4123 964 4167 nisi
977 4124 1063 4167 sensim
1077 4125 1203 4178 angustata
1215 4128 1259 4169 est.
1296 4127 1383 4170 semen

152 4197 224 4239 toturn
246 4196 296 4240 tere
320 4197 421 4240 loculum
440 4202 552 4253 occupat,
579 4209 655 4253 nequo
680 4197 821 4241 solummodo
847 4196 877 4240 ad
901 4195 990 4251 apicem
1012 4194 1085 4238 loculi
1102 4193 1222 4240 redactum
1240 4200 1290 4252 est,
1313 4200 1339 4241 ut
1357 4197 1382 4240 iu

156 4268 344 4323 comespermotr.
380 4267 486 4323 Denique
505 4267 615 4312 differunt
633 4267 723 4312 semina
741 4269 890 4312 Catoeomac:
916 4265 1044 4310 caruncula
1061 4265 1201 4311 brevissima
1218 4267 1241 4311 in
1260 4268 1326 4323 apice
1345 4280 1381 4312 se-

152 4337 233 4392 minis,
252 4342 275 4381 et
294 4351 360 4382 coum
377 4351 422 4382 non
440 4339 486 4382 nisi
503 4351 518 4382 s
535 4336 599 4392 hilo,
618 4337 656 4381 uhi
676 4338 762 4392 oritur,
782 4337 926 4394 dependente
945 4349 988 4382 nec
1005 4339 1078 4382 totum
1097 4349 1177 4382 semen
1194 4338 1332 4384 involvente.
