3080 4880
601 251 703 264 ---
755 207 832 282 stu
884 253 985 278 —-,

181 392 262 447 vibus
274 390 385 460 vestita,
403 390 549 460 5·sulcata,
568 390 743 458 5·locularis;
762 393 867 450 loculis
878 394 950 450 intus
963 394 1103 462 brunneis,
1120 395 1233 467 glabris,
1252 395 1406 468 dispermis.

181 459 306 516 Smtna
322 461 500 519 submotum
518 464 652 535 oblonga,
677 474 905 538 atro-purpurea,
929 464 1132 538 subpuberula,
1152 467 1277 536 utrinque
1296 468 1405 536 obtusa,

180 533 241 587 besl
258 529 343 586 affixa
363 543 390 588 et
407 533 605 606 strophiolata3
624 533 791 610 strophiolo
809 535 968 604 umbilicali,
987 535 1174 610 cupulilormi,
1193 538 1357 606 stramineo,
1379 540 1405 594 lo

179 603 294 726 lacinips
311 599 358 654 4-6
375 603 544 674 inaequales,
564 605 680 660 medium
698 607 808 660 seminis
821 613 994 678 superantes,
1012 608 1057 662 vel
1077 607 1171 679 paullo
1188 607 1307 661 minores
1325 607 1404 666 lisso.

274 674 360 728 ariat:

265 767 315 870 β).
329 769 513 911 lippidulis
545 763 673 826 Steets:
701 763 781 828 loliis
802 764 978 846 latioribus,
1012 767 1192 850 floribusque
1214 767 1316 848 paullo
1339 787 1405 830 rna-

300 869 362 931 Jon
384 869 429 911 us.

249 953 313 1005 Bab.
340 953 365 1002 in
388 954 646 1004 Norae‘llollandiae
670 969 715 1004 ora
738 954 1019 1014 australi-occidentali,
1046 969 1099 1004 curo
1125 956 1221 1019 priore,
1246 958 1406 1007 brummond!

178 1024 283 1074 Colleet.
301 1018 327 1075 2.
346 1025 395 1074 No.
414 1019 462 1074 sat
481 1027 517 1091 (v.
530 1027 564 1086 s.)

248 1107 339 1164 Folio
361 1107 496 1162 interdum
514 1106 593 1177 ΜΨ,
613 1109 659 1164 liu.
678 1108 750 1176 lata,
776 1119 804 1162 et
826 1108 914 1163 minus
934 1117 1010 1164 arcte
1029 1111 1170 1179 revoluta,
1198 1111 1236 1164 ita
1254 1120 1284 1166 ut
1302 1112 1405 1183 pagina
1514 1143 1515 1148 κ

178 1177 292 1236 inlerior
313 1179 382 1233 bene
407 1179 558 1249 conspicua
581 1180 624 1235 sit.
666 1177 771 1235 Floras
794 1177 983 1250 pulcherrimi,
997 1179 1136 1252 majores.
1179 1179 1324 1237 Caeterum
1348 1199 1404 1238 nun

178 1247 269 1304 differt
287 1267 304 1302 a
321 1247 409 1304 lorma
427 1247 565 1320 primaria.

178 1375 207 1437 9.
261 1367 457 1443 Sorotes
477 1369 752 1440 mlorantlro
776 1371 894 1442 steca.

264 1472 300 1538 S.
322 1471 452 1557 stipulis
474 1471 555 1539 folio
577 1473 678 1539 multo
700 1473 920 1549 brevioribus,
941 1472 1087 1540 bracteis
1103 1472 1321 1554 lllilormibus,
1343 1499 1402 1561 pe·

177 1559 254 1625 talis
276 1559 351 1625 bissi
374 1557 570 1624 brevissime
592 1559 830 1644 unguiculatiS,
853 1558 1001 1624 antheris
1023 1560 1217 1626 erostribus.

246 1667 311 1717 Hsb.
329 1667 355 1714 in
372 1666 461 1714 Novae
478 1666 625 1714 Hollnndiae
642 1679 686 1714 ora
703 1665 978 1722 australi-occidentali,
997 1666 1022 1714 in
1040 1666 1200 1716 swan-River
1212 1667 1328 1726 Colonia,
1348 1683 1402 1718 eum

176 1737 348 1800 praecedente,
367 1734 528 1786 Drummond!
547 1737 651 1785 Collect.
669 1731 695 1788 9.
714 1737 762 1788 No.
781 1729 828 1785 63!
853 1738 889 1798 (r.
908 1752 928 1788 ι.
947 1737 1069 1799 specimen
1088 1737 1184 1787 unicum
1203 1738 1227 1785 in
1247 1737 1315 1786 berb.
1334 1740 1403 1802 pala·
1423 1761 1425 1774 ·

176 1809 228 1856 tino
246 1807 451 1874 vindobonensi.)

247 1891 405 1948 Certissime
422 1891 531 1964 species
550 1891 691 1946 distincta!
709 1888 811 1944 Differt
829 1890 900 1944 enim
919 1909 935 1944 a
954 1891 1139 1964 praecedente
1156 1891 1228 1945 notis
1245 1891 1302 1946 his:

246 1979 318 2034 Tota
335 1979 433 2050 planta
451 1978 581 2050 gracilior
600 1988 653 2039 est.
687 1975 776 2034 Folia
794 1979 900 2033 minora
917 1994 981 2032 raro
999 1978 1044 2033 lin.
1062 1977 1077 2030 l
1096 1978 1243 2047 excedunt,
1262 1990 1403 2036 caeterum

176 2069 194 2106 a
215 2049 288 2104 loliis
312 2048 416 2120 speciei
434 2048 622 2104 antecedentis
639 2065 693 2102 nou
712 2047 851 2120 differunt,
873 2050 940 2118 nisi,
965 2048 1041 2119 quod
1058 2048 1237 2122 pubescentia
1253 2051 1281 2105 in
1321 2052 1403 2122 agina

175 2123 321 2192 superiore
338 2119 458 2176 tortasse
477 2119 572 2192 paullo
585 2119 685 2174 diutius
703 2123 833 2190 persistit.
863 2119 1004 2195 Scapulae
1021 2120 1199 2177 brevissimae
1211 2131 1283 2190 sunt,
1299 2070 1402 2178 lineam

176 2193 234 2248 lere
256 2193 364 2263 longae.
402 2189 532 2246 Racemi
554 2201 583 2246 ut
606 2191 633 2244 in
651 2190 744 2262 specie
763 2191 868 2260 altera,
890 2211 907 2248 a
928 2193 969 2246 ice
988 2189 1149 2264 paucidorl3
1171 2190 1296 2264 floribus
1314 2191 1402 2266 duplo

174 2264 220 2319 vel
238 2262 321 2335 triplo
340 2262 503 2322 minoribus,
522 2260 632 2332 longius
650 2259 836 2331 pedicellatis;
849 2279 892 2335 pe
914 2263 1007 2318 tuellis
1026 2259 1072 2314 3-4
1089 2263 1136 2318 Ιίιι.
1155 2262 1253 2334 longis,
1272 2263 1403 2318 bracteis

174 2335 284 2407 paucis,
303 2333 491 2400 fililormibus,
512 2333 639 2402 utrinque
657 2331 941 2386 stellato-tomentosis
959 2333 1074 2406 stipatis.
1114 2331 1230 2406 Colpots
1247 2341 1403 2406 seponentes

173 2407 220 2461 vix
238 2405 255 2456 3
274 2405 319 2458 lin.
338 2404 437 2476 longa,
456 2404 536 2475 apice
554 2402 649 2475 paullo
668 2402 803 2470 acutiora,
822 2411 961 2456 caeterum
979 2421 1033 2458 non
1053 2404 1171 2458 diversa.
1209 2401 1319 2456 Patala
1337 2403 1404 2460 basi

173 2475 257 2532 valde
275 2485 431 2546 augustata,
451 2483 479 2528 et
496 2473 522 2526 iu
542 2489 661 2543 unguem
679 2471 863 2539 manifestum,
880 2471 994 2528 brevem
1006 2474 1124 2543 quidem,
1142 2479 1293 2536 attenuata,
1312 2489 1402 2540 qnare

174 2547 268 2622 paullo
286 2547 413 2616 longiora
431 2554 509 2610 sunt,
529 2559 609 2612 quarn
628 2543 656 2596 in
675 2537 818 2597 Sarotide
836 2541 988 2612 ledifolr'a,
1014 2543 1092 2612 apice
1110 2543 1156 2596 vix
1176 2538 1327 2606 cucullata,
1345 2541 1404 2596 sed

173 2633 257 2687 saepe
276 2614 461 2670 subinvoluta.
497 2611 649 2668 Aotlteroe
665 2610 751 2664 multo
770 2613 902 2676 minores,
926 2611 1093 2665 semilineam
1111 2610 1226 2680 longae,
1249 2608 1341 2662 medio
1358 2610 1401 2664 lu·

173 2695 273 2754 sertae,
290 2694 533 2756 atro-purpureae,
551 2681 610 2735 basi
629 2680 822 2750 marginales,
839 2678 938 2734 loculis
951 2681 1066 2745 obtusis,
1086 2676 1298 2802 diverpentibus,
1317 2681 1400 2752 apice

173 2757 282 2812 omuino
301 2765 441 2822 erostres,
459 2752 620 2808 brevissime
638 2748 763 2816 bilobae,
784 2759 811 2804 et
828 2749 915 2804 latere
933 2750 1042 2804 interno
1062 2750 1137 2821 poris
1176 2749 1278 2818 rrobus,
1296 2767 1400 2806 revera

210 2826 340 2896 icalibus,
365 2822 600 2894 albo-marginatis
625 2818 805 2874 dehiscentes.
850 2817 995 2876 Ooarlom
1021 2822 1099 2875 utin
1124 2819 1322 2892 praecedente,
1347 2823 1399 2878 sed

190 2899 234 2954 ills
258 2899 344 2964 albis,
368 2895 515 2959 brevibus,
540 2892 619 2964 apice
643 2888 834 2963 glanduliieris
851 2907 1039 2964 conspersum.
1079 2889 1240 2966 Coponium
1258 2909 1313 2946 non
1330 2893 1397 2949 vidi.

171 2920 290 3040 fleliqua
308 2968 400 3024 omnia
418 2974 448 3021 ut
464 2967 491 3020 in
510 2962 654 3019 Sorottde
671 2961 818 3034 ledisolia.
1390 2967 1397 2975 ·

245 3039 311 3095 ota.
348 3037 433 3096 Quod
449 3035 529 3107 folia
545 3035 573 3090 in
591 3033 673 3105 hujus
690 3033 798 3105 generis
816 3031 960 3104 speciebus
977 3049 1078 3088 revera
1096 3031 1227 3106 stipulata
1245 3041 1321 3100 sunt,
1344 3049 1397 3088 uec

172 3113 297 3167 ternatim
314 3108 490 3176 verticillata,
509 3116 589 3162 extra
601 3121 682 3160 omne
695 3104 806 3160 dubium
824 3103 944 3176 positum
954 3103 1074 3174 videtur,
1092 3119 1255 3174 quamquam
1265 3102 1398 3177 rapotae

172 3182 245 3237 loliis
263 3179 413 3234 simillimae
431 3187 503 3233 suut.
535 3177 652 3246 Semper
671 3175 742 3230 euim
760 3173 833 3229 loliis
851 3173 1006 3242 breviores,
1025 3192 1161 3245 nunquam
1179 3190 1289 3228 racemo
1308 3191 1395 3245 oppo-

171 3253 238 3308 sitas
251 3250 409 3314 observavi,
421 3249 479 3315 sed,
494 3248 563 3302 utin
575 3243 929 3320 caeterisLasiopetoleis,
943 3261 1052 3300 racemo
1066 3243 1252 3317 oppositilolio
1265 3245 1394 3302 alternas.
1513 3291 1514 3318 ,

171 3418 209 3485 G.
252 3418 557 3484 Ksaaunnsarsaa:
579 3413 751 3480 Antherae
766 3414 849 3478 rima
864 3413 991 3480 dorsali
1005 3415 1156 3500 utrinque
1172 3413 1392 3500 dehiscentes.
1512 3469 1513 3496 ,

254 3501 593 3655 l(llavprrpippenssimplex.
639 3497 725 3614 Styli
753 3497 869 3585 plures
897 3499 972 3566 basi
998 3499 1142 3565 distincti
1168 3519 1311 3584 superne
1337 3520 1395 3563 co·
1512 3531 1513 3608 ᾖ

169 3775 641 3874 ΚΕιιΑιιιιιιΕΝιΑ
672 3776 777 3891 Gay
806 3777 834 3860 1.
855 3803 893 3862 ο.
924 3805 969 3890 p.
991 3780 1091 3866 aar.
1137 3773 1269 3859 unat.
1293 3798 1394 3888 gen.
1429 3738 1432 3747 “
1511 3707 1513 3744 ¹

356 3913 445 4009 No.
476 3915 607 4004 532⁷.
668 3911 828 3998 Meisn.
859 3938 959 4024 gen.
990 3914 1062 4000 33.
1094 3907 1206 4026 (26.)

171 4088 200 4154 l.
253 4079 595 4162 Keraudrenlu
614 4075 1060 4150 hermanniaefolia
1083 4080 1163 4160 Gay.

254 4190 297 4254 K.
319 4185 409 4252 foliis
431 4181 700 4267 ovato-ellipticis
722 4183 985 4268 suprasshispidis
1000 4182 1117 4245 subtus
1130 4178 1397 4246 villoso-tomen·

170 4276 255 4342 tosis
287 4271 434 4356 margine
467 4269 780 4353 crispato-sinuatis
813 4267 910 4352 apice
944 4265 1186 4345 obtusissimis,
1220 4264 1398 4351 calycibus

170 4361 321 4448 uminque
348 4353 788 4442 hispido-pubescentibus,
817 4351 994 4420 filamentls
1023 4351 1095 4420 basi
1116 4350 1249 4430 liberis,
1277 4349 1397 4418 orario
1437 4438 1441 4448 Ι

169 4447 339 4516 munceio.
1146 4481 1153 4490 ·
