3070 4876
131 397 180 464 13.
215 397 485 470 Thomastu
504 385 791 483 quercit'ona
814 400 895 478 Gay.

215 497 276 566 Th.
296 499 444 582 hispida,
466 495 556 564 soliis
578 497 746 582 petiolatis
769 497 931 564 3-5-10bts
946 498 1062 562 subtus
1084 495 1354 581 bispida-tornen-

118 586 232 664 ‘tosis,
255 585 377 672 petalis
398 583 517 663 nullis,
541 583 657 650 ovario
680 585 811 650 mutico.

263 689 434 750 Tbomaet'ct
456 691 642 770 queratJolia
664 685 755 772 Gay!
778 686 799 750 l.
822 707 851 750 c.
873 707 905 769 p.
920 684 992 752 459,
1017 683 1079 749 Νο.
1096 685 1125 748 5.
1149 682 1225 748 DC!
1241 686 1355 767 prodr.

216 772 254 843 T.
279 773 308 836 1.
330 793 361 854 p.
383 771 456 838 489.
479 771 541 842 No.
566 773 595 836 5.
619 783 651 838 et
672 772 775 837 Herb.
797 770 920 836 Bauer!

259 873 502 959 Latiopetalum
529 877 754 958 quercisolium.
787 871 852 940 Ait.
884 871 968 938 hort.
999 869 1095 938 Kew.
1127 873 1180 938 ed.
1207 873 1235 936 Q.
1264 871 1303 935 T.
1327 873 1355 940 2.

241 959 323 1025 .36.
349 960 453 1024 Andr.
475 959 549 1024 Bor.
570 958 697 1042 Repos.
719 960 784 1028 tab.
808 957 880 1026 459.
905 955 1047 1042 (excel.
1071 955 1172 1042 Gay.)
1196 955 1300 1022 Sims!
1323 958 1356 1021 in

215 981 289 1112 3ot.
311 1042 403 1130 Mag.
426 1043 465 1110 T.
488 1043 539 1109 36.
562 1045 629 1109 tab.
654 1045 745 1110 1485.

263 1148 432 1297 {ippmppia
446 1149 620 1299 lpppolauca
641 1143 795 1212 Steudcl!
818 1145 850 1210 in
860 1143 982 1247 Labor.
1000 1141 1107 1208 Plant.
1125 1141 1248 1212 Preiss.
1271 1141 1310 1208 T.
1329 1145 1355 1210 l.

215 1253 247 1314 p.
334 1277 342 1294 .
396 1254 426 1298 o.
492 1283 499 1298 .

200 1336 264 1386 Hab.
289 1339 315 1386 ln
333 1337 420 1387 Novae
437 1337 586 1388 Hellandiac
608 1351 652 1388 ora
671 1336 947 1390 australi-accidentali,
972 1334 1044 1386 Ferd.
1064 1337 1156 1385 Bauer!
1192 1337 1219 1384 ln
1238 1335 1357 1384 calcareie

130 1407 162 1455 ad
179 1411 275 1470 tergum
292 1409 382 1458 montis
401 1409 536 1469 Baldlread,
555 1407 626 1456 distr.
644 1409 814 1470 Plantagenet‚
834 1407 858 1457 d.
874 1401 914 1458 lb.
929 1406 1030 1457 Octobr.
1047 1401 1121 1464 istit,
1140 1406 1236 1456 Preiss!
1265 1407 1356 1468 (Herb.

132 1478 223 1525 Preiss.
242 1479 291 1527 No.
312 1474 406 1543 lotor)
425 1494 448 1530 r.
462 1495 483 1529 s.

202 1577 301 1634 Descri
323 1579 361 1635 tio
380 1578 555 1636 exactissima
575 1578 625 1636 cel.
646 1579 717 1650 Gayi
732 1581 758 1634 iu
776 1577 926 1651 specimina
943 1577 1103 1634 Preissiana
1116 1579 1217 1651 optime
1230 1579 1357 1650 quadrat.

132 1646 234 1720 Figura
251 1649 280 1704 in
326 1658 363 1704 ot.
382 1649 461 1722 Mag.
479 1650 497 1705 l.
517 1669 541 1705 c.
560 1652 681 1722 plantam
700 1650 770 1706 bene
789 1648 882 1704 refert.

202 1717 291 1774 Folia
309 1737 396 1791 supra
413 1719 529 1775 stellulis
548 1721 661 1774 remotis
679 1718 797 1804 hispida,
816 1718 912 1774 subtus
931 1718 993 1789 pilis
1012 1718 1137 1783 stellatis,
1157 1716 1255 1771 albidis
1274 1718 1358 1773 dense

133 1783 303 1858 tomentdsa,
329 1799 357 1845 et
379 1789 491 1861 insuper
515 1790 631 1844 stellulis
654 1790 843 1860 rigidroribuS‚
868 1787 1042 1858 lanugineis,
1068 1787 1269 1842 remotiusculis
1294 1805 1357 1842 con·

132 1875 245 1944 sparsa,
272 1861 432 1931 praesertim
456 1860 482 1914 in
501 1861 593 1915 nervis
612 1861 756 1932 primariis.
793 1859 964 1916 Filamaata
981 1857 1099 1914 sterilia
1117 1855 1133 1910 5
1150 1855 1273 1926 alterna,
1298 1858 1358 1914 bre·

132 1929 258 1997 vrssima,
287 1940 385 1998 acuta,
412 1929 473 1985 basi
496 1931 589 1985 latiori
611 1949 672 1986 cum
697 1931 813 1988 caeteris
838 1939 970 1999 connata,
996 1947 1013 1982 a
1037 1929 1070 1984 cl.
1088 1928 1232 1984 Steudelio
1250 1927 1360 2000 quidem

133 2017 189 2054 nou
207 2001 366 2070 observata,
384 2017 483 2059 revera
502 2001 608 2058 adsunt.
637 2001 810 2058 Filumeata
844 2000 945 2056 crtilr'a
963 1999 1130 2056 semilineam
1143 1999 1236 2070 longa,
1256 1999 1358 2055 antbe-

132 2087 185 2126 raa
203 2071 271 2126 rima
282 2071 390 2126 laterali
402 2089 453 2144 per
465 2080 551 2126 totam
564 2073 758 2144 longitudinem
771 2071 953 2138 deducentes,
972 2069 1181 2139 subsequentia.
1213 2069 1360 2128 Oaarr’um
1444 2079 1450 2089 ·

133 2139 219 2198 dense
237 2142 557 2212 stellato-tommosam,
576 2144 712 2198 muricum.
749 2141 788 2198 St
808 2142 853 2196 las
871 2140 1064 2212 glaberrimus,
1087 2139 1116 2208 ss
1135 2141 1181 2198 lin.
1199 2141 1306 2210 longus.

204 2211 307 2270 Quoad
325 2212 501 2268 characteres
519 2212 655 2268 simillima
668 2212 775 2282 quidem
786 2162 969 2266 Themettae
987 2215 1030 2266 tri
1051 2209 1160 2281 bpllae,
1179 2212 1229 2266 sed
1248 2222 1359 2281 praeter

133 2292 214 2338 notas
231 2283 365 2338 indicatas
383 2282 512 2338 facillime
531 2284 717 2356 distinguitur:
739 2282 833 2338 habitu
852 2282 937 2337 multo
956 2281 1029 2336 lrumr
1041 2282 1113 2350 iore,
1128 2289 1159 2336 et
1176 2283 1260 2354 foliis
1276 2283 1359 2355 [lort-

133 2348 239 2424 burque
258 2353 343 2426 duplo
362 2354 518 2410 minoribus.

135 2489 184 2556 14.
218 2492 487 2564 Thomasia
505 2493 770 2578 paucitlora
789 2479 938 2574 'Linaton

219 2606 280 2674 Th.
312 2611 459 2696 hispida,
491 2609 583 2680 soliis
614 2609 783 2696 petiolatis
816 2610 1016 2678 lanceolatis
1049 2611 1121 2677 sive
1154 2611 1360 2678 subhastatis

134 2696 299 2774 cordatis,
330 2697 461 2781 stipulis
489 2697 699 2776 semiovatis,
730 2697 871 2764 floribus
898 2697 1107 2783 longiuscule
1136 2696 1359 2781 pedicellatiS‚

132 2781 254 2864 petalis
276 2783 295 2846 5
317 2784 476 2862 minimis,
497 2783 675 2848 filamentis
698 2785 867 2850 sterilibus
888 2783 1094 2862 acuminatis,
1116 2781 1280 2848 fertilibus
1304 2806 1360 2848 an-

132 2865 229 2934 thera
249 2866 473 2954 longioribus,
497 2870 613 2935 ovario
635 2880 830 2936 mucronato
851 2868 1009 2935 velutino.

266 2970 436 3035 Titomaeia
460 2975 640 3054 pauciflora
668 2969 825 3056 Lindley!
860 2969 1098 3036 Siren-River
1119 2966 1193 3034 Bot.
1215 2970 1248 3032 in
1271 2971 1359 3054 App.

220 3055 263 3116 ad
284 3054 356 3119 Bot.
379 3053 464 3139 Reg.
486 3076 519 3137 p.
540 3050 659 3120 XVlll.
682 3055 746 3121 No.
765 3057 818 3120 81.

204 3157 269 3208 Hal).
296 3159 320 3206 in
341 3151 430 3207 'Norae
449 3159 595 3207 Hellandiae
624 3173 668 3206 ora
694 3158 984 3216 australi-occidentali,
1012 3156 1039 3207 in
1058 3161 1230 3210 Swau-River
1249 3161 1359 3216 Colonia,

135 3227 295 3279 Drummond!
314 3230 426 3288 (Collect.
445 3232 464 3278 l.
484 3230 532 3278 No.
552 3223 619 3276 373!
639 3234 664 3277 et
683 3224 745 3278 2378!
765 3229 866 3276 collect.
885 3225 910 3280 ⁶2.
927 3229 976 3279 No.
996 3223 1057 3288 titt)
1076 3245 1100 3277 v.
1113 3245 1133 3276 a.

205 3327 369 3382 intermedia
395 3327 466 3382 iuter
494 3327 686 3386 Thomastam
707 3328 920 3404 particulatam
945 3339 972 3385 et
997 3329 1189 3384 Tbomactam
1205 3329 1361 3386 subhasta-

137 3406 209 3454 tam·
245 3399 271 3452 A
293 3399 386 3470 priore
412 3400 520 3470 egregie
545 3399 647 3456 differt:
669 3401 834 3472 filameutt’s
859 3401 1010 3456 sterilibus
1028 3417 1099 3470 quae
1118 3401 1168 3454 etsi
1187 3418 1204 3454 a
1223 3401 1256 3456 cl.
1277 3399 1361 3458 Lind-

135 3470 200 3540 leyo
218 3485 274 3522 uon
293 3469 455 3537 observata,
479 3479 587 3540 tamen,
612 3481 718 3527 remoto
738 3470 851 3538 orario,
874 3471 943 3526 bene
962 3473 1111 3542 conspicua
1128 3479 1198 3526 sunt.
1235 3471 1265 3525 lu
1288 3471 1361 3528 Tho·

135 3543 235 3594 masta
252 3539 436 3614 particulata
462 3542 572 3595 omnino
595 3542 699 3596 desunt.
742 3541 833 3598 Etiam
856 3541 962 3615 petala
984 3541 1017 3596 cl.
1042 3539 1159 3612 Lindley
1184 3543 1211 3596 in
1236 3542 1362 3614 diagnosi

136 3625 187 3664 sue
204 3609 281 3666 brevi
298 3627 333 3670 ae
353 3617 394 3678 at,
413 3611 488 3681 quod
507 3629 561 3666 uon
579 3613 679 3680 miror,
698 3613 762 3683 quia
780 3613 1002 3668 observationem
1021 3611 1180 3683 saepissime
1199 3612 1320 3684 tugiunt,
1338 3617 1362 3672 sl

135 3681 163 3734 in
185 3679 256 3736 llore
280 3629 364 3736 modo
389 3690 487 3754 aperto
509 3691 686 3751 quaeruntur.
729 3682 839 3741 Caveas
862 3683 956 3753 igitur,
981 3699 1021 3736 ne
1041 3683 1196 3755 decipiaris.
1237 3685 1269 3738 Si
1293 3702 1360 3741 vero

136 3751 257 3822 calycem
276 3752 478 3825 capsuligerum
497 3750 642 3823 diiigenter
660 3755 818 3822 examinas,
859 3753 941 3808 atala
958 3751 1040 3808 facile
1057 3755 1189 3825 reperies.

207 3821 280 3876 Tota
305 3823 400 3893 planta
423 3823 509 3878 multo
528 3824 658 3894 gracilior
676 3833 718 3878 est
728 3839 817 3894 auam
863 3824 1001 3879 bmaatta
1021 3825 1219 3898 particulata,
1248 3824 1361 3896 ejusque

136 3895 219 3945 tamt
234 3893 322 3946 minus
340 3893 482 3948 divaricati
501 3903 572 3949 sunt.
609 3893 697 3950 Folia
715 3902 743 3948 et
758 3895 849 3966 flores
867 3893 952 3966 duplo
971 3893 1029 3950 iere
1047 3896 1160 3950 minora.
1198 3895 1285 3952 Folia
1303 3898 1360 3968 ple·

137 3975 251 4030 rumque
271 3961 521 4034 l·l½·pollicaria,
540 3965 599 4019 basi
617 3964 677 4033 2-3,
697 3966 836 4020 rarissime
854 3967 870 4015 4
888 3965 936 4019 lin.
953 3966 1011 4019 lata
1028 3966 1129 4036 reperi,
1148 3975 1286 4024 caeterum
1304 3975 1360 4022 tam

138 4029 227 4084 forma
246 4037 301 4086 t'um
318 4033 474 4090 indumento
494 4037 604 4090 omnino
623 4035 729 4090 similia.
766 4035 884 4106 Rellqua
901 4037 928 4090 in
947 4043 1043 4090 nostra
1062 4037 1157 4107 planta
1174 4039 1214 4092 sic
1232 4054 1263 4091 se
1281 4053 1360 4108 prae·

101 4171 103 4178 y
138 4098 218 4155 bentt
238 4099 376 4175 Stipulae
393 4105 553 4161 brevissime
571 4107 735 4178 petiolatae,
755 4106 922 4175 dimidiatae,
940 4107 1119 4176 semiovatae,
1139 4108 1264 4176 obtusae,
1281 4109 1359 4161 senri-

139 4171 272 4226 cordatae
295 4180 323 4226 et
340 4174 421 4228 valde
446 4176 618 4246 inaequales,
642 4178 765 4247 integrae
783 4178 829 4232 vel
852 4177 918 4232 lobo
935 4176 1063 4242 basilari,¹
1087 4179 1251 4242 rotundato,
1277 4177 1360 4247 longe

137 4241 403 4368 &oductoauctea
420 4246 551 4314 petiolum
568 4245 636 4314 folii,
655 4248 731 4317 quod
749 4246 873 4316 fulciunt,
892 4256 1043 4319 aequantes
1054 4248 1100 4304 vel
1117 4248 1172 4304 imo
1190 4254 1359 4319 superantes.

169 4317 268 4368 acamt
284 4312 478 4385 oppositilolii,
499 4316 569 4371 lolio
587 4318 749 4388 plerumque
766 4317 923 4386 breviores,
948 4320 1157 4391 erecto-patuli,
1176 4333 1286 4387 semper
1302 4314 1360 4372 lere

137 4382 245 4450 3·llor·i;
272 4383 383 4441 riatur
405 4391 506 4455 terete,
532 4386 654 4458 hispida,
681 4389 974 4461 rarissimepollicem
999 4399 1163 4462 superante,
1190 4385 1361 4456 longiuscule

137 4454 226 4523 noda,
252 4471 304 4512 nec
328 4473 446 4526 unquam
469 4455 610 4524 flexuosa3
633 4460 758 4530 flartbas
781 4460 809 4514 in
827 4477 932 4514 summo
951 4461 1029 4530 apice
1048 4455 1262 4529 approximatis,
1286 4454 1360 4525 pe'di·
