3102 4882
600 229 986 300 -128-2

266 409 422 478 involutis
444 411 789 495 repando-crenulatis
818 413 1147 501 inciso-dentatisque
1169 413 1406 497 conformibus,

264 495 451 647 periarpgrgc
483 497 715 582 campanulatc
754 498 1031 568 inciso-dentato.
1098 499 1243 586 Synops.
1263 559 1266 569 r
1287 501 1404 588 Hepat.

266 603 342 668 lag·
430 627 437 644 ·
1356 603 1358 608 ’

308 669 561 816 Ιηᾜτηιαηπία
582 670 794 734 leucacantha
821 667 860 732 L.
885 680 922 735 et
942 669 980 734 L.
1008 670 1042 733 in
1067 669 1182 739 Lehm
1212 669 1331 756 Pugill.
1353 673 1405 736 lll.

264 773 342 838 fag·
407 797 416 816 ·
855 766 861 780 '

248 860 346 910 crescit
372 857 437 906 lurni
464 857 496 906 ad
525 858 590 906 latus
612 859 804 922 septentrionale
827 857 916 908 montio
940 856 1072 910 Lehmann.
1096 865 1122 908 et
1147 862 1173 910 in
1203 865 1284 910 monte
1307 863 1403 915 Brenn.

178 927 254 983 llerb.
273 930 366 980 Preiss.
384 927 433 976 No.
451 927 531 978 2659.
1004 959 1006 962 .

251 1011 358 1068 Cautes
373 1012 401 1066 in
418 1010 569 1080 caespitem
587 1011 719 1082 congesti,
737 1011 878 1082 prostrati,
896 1010 1083 1069 radicularum
1119 1029 1301 1086 urpurearnm
1316 1015 1403 1072 denso

178 1083 245 1140 villo
263 1092 341 1138 arcte
358 1082 420 1136 scic
438 1079 525 1149 affixi,
542 1081 711 1136 semiteretes
729 1082 775 1136 vel
793 1080 981 1151 subquadrati‚
998 1083 1084 1136 lineas
1099 1031 1149 1134 §.g
1167 1085 1252 1157 longi,
1268 1087 1403 1143 lutescen·

167 1164 229 1222 tes,
247 1152 396 1223 simplices,
414 1151 504 1205 rarius
521 1151 713 1206 innovationes
731 1151 893 1219 emittentes,
910 1151 971 1205 basi
988 1151 1055 1207 nudi
1072 1153 1117 1208 vel
1135 1151 1263 1210 foliorum
1281 1159 1350 1212 vesti
1370 1159 1403 1210 lis

177 1224 242 1278 laxe
259 1223 361 1277 vestiti.
397 1222 422 1274 Α
440 1220 530 1275 medic
553 1221 616 1274 inde
632 1222 711 1292 folia
735 1221 834 1276 adsunt
858 1222 1010 1278 arctissime
1031 1224 1187 1293 imbricata,
1210 1175 1402 1295 laureandis,
1429 1231 1440 1238 “

177 1293 238 1347 basi
260 1301 351 1347 tamen
368 1290 642 1362 paululum'cblique
667 1291 740 1346 cauli
764 1291 878 1360 adnata,
906 1307 1018 1364 magna,
1041 1294 1141 1348 lineam
1163 1312 1185 1350 s.
1209 1298 1402 1367 sesquiliueam

177 1364 270 1434 longa,
289 1363 358 1416 duas
376 1361 463 1416 lineas
480 1361 641 1432 plerumque
658 1360 725 1418 lata.
761 1361 862 1416 Forma
885 1360 944 1416 folii
969 1365 1085 1434 expansi
1101 1365 1181 1419 varia
1199 1374 1255 1435 est,
1274 1369 1402 1435 rotunda,

177 1433 306 1504 oblonga,
324 1431 527 1501 subquadrata,
544 1433 665 1502 margine
683 1433 772 1486 rarius
791 1440 854 1486 sunt
870 1432 1059 1503 integerrime,
1077 1451 1125 1489 sae
1145 1436 1187 1490 ius
1205 1438 1402 1508 repando-un·

177 1503 286 1572 dulata,
311 1503 451 1558 crenulata
475 1503 521 1558 vel
544 1502 718 1558 denticulata.
755 1501 835 1557 Folia
852 1501 976 1572 ejusdem
991 1505 1087 1560 lateris
1111 1454 1147 1562 cf]
1165 1504 1346 1562 substantiam
1363 1517 1402 1563 tc·

175 1575 321 1629 nerriruam
339 1573 507 1644 agglutinata
524 1573 604 1627 simul
621 1573 807 1641 involvuntur,
826 1581 855 1626 ut
873 1575 983 1644 aegrius
1001 1576 1126 1647 separari
1147 1578 1262 1647 possint.
1317 1577 1403 1632 Color

176 1643 421 1699 flavo-iuscescem
439 1643 484 1699 vel
501 1642 650 1700 rufesceus.
685 1643 764 1698 Ratis
783 1643 895 1698 areolae
918 1645 1015 1712 laxae,
1038 1647 1181 1702 rotundae.
1217 1647 1328 1701 Surculi
1346 1647 1401 1702 fru-

177 1714 265 1770 ctiferi
282 1715 440 1783 breviores,
458 1713 649 1780 l·l-lineares;
667 1713 735 1770 iclia
752 1715 800 1770 vix
816 1714 941 1769 involuta
959 1717 1044 1788 magis
1063 1727 1091 1772 et
1101 1716 1288 1786 irregulariter
1302 1717 1401 1773 iucisc·

176 1786 302 1851 dentata3
322 1785 528 1856 perichaetialia
545 1785 601 1840 duc
619 1785 665 1840 vel
682 1792 802 1855 quatuor
820 1785 933 1854 reliquis
950 1787 997 1842 lon
1018 1789 1087 1854 lora,
1105 1787 1280 1856 angustiora,
1299 1798 1400 1856 erecta,

176 1856 308 1941 calycem,
327 1872 407 1924 quem
424 1855 593 1926 longitudine
612 1865 744 1924 aequant,
766 1855 943 1924 involventis,
962 1805 1059 1912 eodem
1077 1856 1160 1910 modo
1178 1864 1261 1927 atque
1279 1858 1400 1915 catulino·

174 1928 269 1982 incisa.
305 1923 396 1995 Calyx
414 1925 525 1995 (saepe,
550 1931 588 1978 ut.
601 1925 629 1980 iu
654 1923 885 1980 Fcesmndronia
931 1927 1035 1991 osella,
1054 1926 1110 1980 duo
1128 1925 1227 1998 adsunt
1246 1928 1355 2000 calyces
1373 1930 1400 1982 in

175 1995 273 2051 ecdem
290 1995 467 2066 periebaitic)
492 1993 551 2048 cam
574 1994 717 2062 ancletus,
741 2011 789 2049 cre
806 1943 1029 2065 inciso-dentato,
1048 2005 1158 2052 textura
1176 1996 1311 2054 foliarum.
1346 1997 1399 2056 Ca·

174 2067 282 2138 paulam
300 2075 434 2120 maturam
451 2081 506 2119 ncn
522 2013 649 2120 vidimus

248 2134 315 2191 ote.
351 2133 598 2191 Fosscmbroniae
609 2135 743 2209 pusillae
760 2134 890 2189 radiculis
908 2137 1064 2208 purpureis,
1081 2135 1210 2193 foliorum
1229 2140 1399 2208 quorundam

174 2207 277 2276 forma,
304 2205 450 2278 perianthii
474 2215 613 2262 structura
635 2204 717 2261 valde
741 2206 844 2260 similis.
880 2203 939 2262 llso
956 2223 1024 2262 vero
1048 2206 1152 2280 major,
1179 2209 1320 2264 radiculae
1337 2218 1400 2264 sunt

62 2327 69 2334 .
174 2279 323 2350 longiores,
340 2275 409 2331 folia
425 2278 513 2348 magis
530 2277 682 2343 imbricata,
699 2275 857 2344 rotundata,
875 2277 1034 2346 tenerrima,
1052 2279 1193 2347 involuta,
1211 2277 1399 2346 flavescentia,

168 2349 201 2470 fn
219 2348 335 2470 sumplis
354 2345 503 2432 fructiferis
522 2348 607 2418 magis
625 2347 726 2414 incisa,
750 2346 933 2402 involucralia
951 2347 1065 2403 caulinis
1084 2349 1198 2417 similia,
1218 2366 1268 2404 nec
1293 2350 1399 2418 stipuli-

184 2435 272 2473 crmra
299 2433 411 2474 meana.

172 2517 750 2665 ercammarum
781 2571 905 2660 eoa.
936 2571 1046 2690 syn.
1063 2571 1198 2690 usp.
1228 2602 1273 2690 p.
1295 2577 1396 2666 su.

174 2763 203 2826 l.
255 2759 648 2848 Petalophyllum
661 2759 871 2832 Preissii
890 2761 976 2826 (ἴση.
997 2755 1140 2823 lamellis
1160 2755 1289 2824 frondis
1310 2779 1397 2824 mar·

280 2846 292 2918 ⁸,
313 2867 365 2911 eru
392 2865 514 2911 versus
541 2843 655 2910 liberis
683 2854 811 2910 eostam
837 2864 959 2911 versus
988 2845 1141 2910 connatis
1162 2843 1264 2909 veluti
1284 2841 1397 2910 locula

271 2931 481 2996 armantibus.
526 2929 669 3017 Syncps.
698 2929 818 3016 Hepat.
846 2951 924 3016 pag.
953 2930 1028 2998 472.
1059 2966 1098 2976 —
1131 2927 1246 2996 Lehm.
1279 2927 1395 3014 Pugill.

255 3015 341 3086 Vlll.
365 3035 442 3102 pag.
464 3015 517 3082 30.
579 3079 585 3088 .

170 3193 194 3240 N
235 3122 347 3242 {wele
364 3121 476 3172 arenosis
494 3117 669 3181 humiliantia
687 3135 740 3170 oum
760 3121 834 3186 Rupis
853 3121 885 3172 ad
904 3113 1002 3170 fiuvium
1019 3121 1168 3186 cygnorum.
1205 3117 1284 3170 Herb.
1303 3119 1394 3170 Preiss.

195 3206 220 3242 c.
308 3227 315 3242 .

239 3274 491 3344 memoramus,
513 3276 560 3331 vel
579 3283 710 3344 cuneata,
733 3291 836 3346 parva,
855 3277 934 3346 apice
952 3274 1059 3341 bilche,
1082 3273 1203 3328 llineas
1220 3276 1317 3348 longe,
1336 3275 1397 3330 basi

169 3347 362 3416 sesquilineam
378 3347 444 3401 lata.
484 3345 582 3402 Caafts
599 3345 660 3400 basi
677 3345 766 3400 nudus
790 3342 877 3412 Ἡ,
895 3345 996 3401 lineam
1014 3343 1109 3398 subtus
1127 3347 1298 3414 prominens,
1317 3347 1397 3416 apice

170 3417 358 3486 diolrctcmus‚
380 3417 507 3488 validus,
530 3417 678 3481 rotundus,
702 3415 936 3481 subincrassatus,
958 3413 1147 3480 radiculosus,
1171 3414 1276 3484 pallide
1292 3415 1396 3470 viridis.

78 3519 85 3534 ·
170 3486 268 3543 Fraus
279 3487 366 3542 latere
379 3485 467 3542 infero
478 3487 619 3556 (ventrali)
629 3486 703 3540 striis
714 3485 840 3539 radiatim
851 3485 993 3556 rugulusu,
1002 3482 1246 3570 supernolamellis
1261 3479 1344 3557 1βίη.
1356 3485 1396 3540 al·

170 3558 219 3628 tis,
238 3558 365 3613 radiatim
373 3557 409 3611 im
431 3557 523 3626 ositiS,
534 3573 632 3612 versus
649 3563 754 3610 costam
765 3553 884 3610 mediam
893 3555 1099 3610 conniventibus
1109 3561 1137 3609 et
1153 3553 1224 3609 inter
1233 3571 1263 3608 se
1273 3556 1397 3610 connatis

169 3634 311 3699 percursa.
347 3627 378 3682 ln
411 3575 494 3681 dantis
512 3627 641 3680 masculis
659 3634 741 3695 atque
758 3625 786 3679 in
803 3625 920 3680 novellis
934 3624 1101 3696 junioribus,
1118 3623 1187 3678 folia
1205 3625 1325 3680 discreta
1338 3624 1397 3680 fere

153 3707 199 3752 -ut
216 3699 244 3753 in
262 3699 385 3754 Fossam
404 3702 493 3753 ronta
510 3697 641 3771 postlla,
668 3712 786 3765 quorum
802 3696 933 3750 nonnulla
951 3696 1085 3766 peculiari
1107 3693 1219 3750 lamella
1236 3703 1336 3750 ornata
1353 3711 1396 3750 re·

169 3769 318 3839 periuntur.
355 3767 478 3822 'fertura
504 3765 701 3830 crassiuseula3
730 3765 822 3820 discus
848 3764 906 3820 folii
933 3783 1020 3836 aeque
1047 3783 1080 3819 ac
1111 3765 1237 3821 lamellae
1264 3766 1396 3837 singulari

170 3839 329 3894 cellularum
348 3839 419 3893 serie
437 3854 533 3892 crassa
550 3854 610 3891 ccru
631 3838 737 3902 onitur3
756 3836 929 3891 inveniuntur
946 3837 1058 3892 areolae
1075 3836 1227 3906 quadratae
1246 3837 1396 3906 quinquan-

169 3907 279 3979 gulares
298 3909 504 3980 sexangulares.
541 3855 755 3962 Perfdutbium
773 3921 818 3960 ses
838 3905 968 3960 uilineare
992 3914 1088 3960 costae
1107 3907 1214 3962 mediae
1239 3907 1396 3976 impositum

169 3989 233 4034 ante
255 3978 464 4034 bifurcaticuem
487 3978 523 4032 ad
548 3978 658 4031 modurn
683 3977 789 4048 generis
835 3974 1068 4041 oesombrontae,
1100 3993 1115 4030 e
1139 3976 1201 4031 basi
1220 3976 1396 4030 teretiuscula

169 4049 599 4124 subquadretccampanulatum,
619 4053 731 4102 externe
751 4063 812 4101 cum
829 4044 901 4100 foliis
919 4044 1144 4114 involueralibus,
1162 4047 1298 4102 interdum
1315 4047 1396 4116 apice

168 4119 441 4191 bifido-emarginatis'
465 4120 617 4173 concrescit
636 4125 663 4172 et
679 4114 824 4188 irregulari
842 4117 925 4170 modo
949 4115 1009 4170 alas
1033 4116 1078 4172 vel
1102 4116 1227 4170 lamellas
1252 4125 1394 4185 monstrat,

169 4206 283 4260 quarum
302 4193 382 4261 crigc
399 4198 490 4246 tamen
507 4190 596 4244 libero
621 4189 700 4260 apice
715 4187 858 4312 ⁴proditur.
895 4183 937 4241 Os
960 4185 1105 4258 perianthii
1122 4187 1179 4241 late
1194 4194 1336 4258 apertum,
1355 4187 1395 4239 in·

169 4263 263 4332 cisum,
281 4261 388 4316 laciniis
405 4259 489 4315 mcdc
506 4260 650 4314 latioribus
668 4276 713 4313 mc
732 4275 751 4312 c
771 4255 972 4328 angustioribus
991 4273 1046 4311 unc
1064 4255 1110 4312 vel
1122 4259 1211 4312 alter'c
1231 4256 1311 4312 deute
1329 4255 1396 4309 cilii-

168 4332 258 4402 fcrmi,
276 4332 383 4404 singula
401 4331 562 4387 cellularum.
578 4331 648 4385 serie
659 4337 810 4396 constante,
828 4327 1103 4382 undalum-lacerum.
1125 4326 1271 4451 Calpptra
1287 4342 1396 4396 magna,

169 4401 352 4475 perianthium
378 4401 436 4458 fere
463 4417 602 4471 aequans,
639 4399 700 4456 basi
732 4399 819 4456 tribus
854 4397 893 4465 (in
920 4398 976 4452 allo
1004 4397 1151 4470 specimine
1196 4398 1260 4465 rnis)
1287 4396 1396 4470 pistlllls

168 4475 302 4533 abortivis
325 4473 508 4544 circumdata,
528 4473 691 4542 chartacea,
710 4471 836 4543 globosa.
876 4467 1005 4543 Capella
1023 4485 1135 4541 magna,
1154 4467 1288 4538 globosa,
1315 4466 1395 4522 semi-
