<?xml version="1.0" encoding="UTF-8"?>
<!DOCTYPE html PUBLIC "-//W3C//DTD XHTML 1.0 Transitional//EN"
    "http://www.w3.org/TR/xhtml1/DTD/xhtml1-transitional.dtd">
<html xmlns="http://www.w3.org/1999/xhtml" xml:lang="en" lang="en">
 <head>
  <title>
</title>
<meta http-equiv="Content-Type" content="text/html;charset=utf-8" />
  <meta name='ocr-system' content='tesseract 3.04.00' />
  <meta name='ocr-capabilities' content='ocr_page ocr_carea ocr_par ocr_line ocrx_word'/>
</head>
<body>
  <div class='ocr_page' id='page_1' title='image "./plantaepreissia00preigoog_0372.png"; bbox 0 0 3080 4880; ppageno 0'>
   <div class='ocr_carea' id='block_1_1' title="bbox 593 212 979 285">
    <p class='ocr_par' dir='ltr' id='par_1_1' title="bbox 593 212 979 285">
     <span class='ocr_line' id='line_1_1' title="bbox 593 212 979 285; baseline 0 -15"><span class='ocrx_word' id='word_1_1' title='bbox 593 212 979 285; x_wconf 40' lang='lat' dir='ltr'><strong>..Aoo-..-</strong></span> 
     </span>
    </p>
   </div>
   <div class='ocr_carea' id='block_1_2' title="bbox 174 397 1446 1254">
    <p class='ocr_par' dir='ltr' id='par_1_2' title="bbox 174 397 1446 1254">
     <span class='ocr_line' id='line_1_2' title="bbox 176 397 1403 486; baseline -0.002 -20"><span class='ocrx_word' id='word_1_2' title='bbox 176 403 377 486; x_wconf 68' lang='lat' dir='ltr'><strong>stigmatibus</strong></span> <span class='ocrx_word' id='word_1_3' title='bbox 405 398 700 484; x_wconf 85' lang='lat' dir='ltr'><strong>capitulilonnibus</strong></span> <span class='ocrx_word' id='word_1_4' title='bbox 730 409 763 466; x_wconf 88' lang='lat' dir='ltr'><strong>et</strong></span> <span class='ocrx_word' id='word_1_5' title='bbox 790 399 913 466; x_wconf 87' lang='lat' dir='ltr'><strong>babitu.</strong></span> <span class='ocrx_word' id='word_1_6' title='bbox 957 397 1074 466; x_wconf 82' lang='lat' dir='ltr'><strong>Altera</strong></span> <span class='ocrx_word' id='word_1_7' title='bbox 1100 407 1197 484; x_wconf 89' lang='lat' dir='ltr'><strong>parte</strong></span> <span class='ocrx_word' id='word_1_8' title='bbox 1226 398 1270 463; x_wconf 89' lang='lat' dir='ltr'><strong>ad</strong></span> <span class='ocrx_word' id='word_1_9' title='bbox 1300 399 1403 464; x_wconf 79' lang='lat' dir='ltr'><strong>Sidae</strong></span> 
     </span>
     <span class='ocr_line' id='line_1_3' title="bbox 175 483 1400 572; baseline 0 -22"><span class='ocrx_word' id='word_1_10' title='bbox 175 506 296 570; x_wconf 82' lang='lat' dir='ltr'><strong>genus,</strong></span> <span class='ocrx_word' id='word_1_11' title='bbox 325 495 394 550; x_wconf 92' lang='lat' dir='ltr'><strong>utut</strong></span> <span class='ocrx_word' id='word_1_12' title='bbox 410 487 483 572; x_wconf 88' lang='lat' dir='ltr'><strong>jam</strong></span> <span class='ocrx_word' id='word_1_13' title='bbox 506 495 573 564; x_wconf 88' lang='lat' dir='ltr'><strong>est,</strong></span> <span class='ocrx_word' id='word_1_14' title='bbox 601 486 646 550; x_wconf 89' lang='lat' dir='ltr'><strong>ita</strong></span> <span class='ocrx_word' id='word_1_15' title='bbox 667 487 818 571; x_wconf 76' lang='lat' dir='ltr'><strong>proxime</strong></span> <span class='ocrx_word' id='word_1_16' title='bbox 840 485 988 563; x_wconf 86' lang='lat' dir='ltr'><strong>accedit,</strong></span> <span class='ocrx_word' id='word_1_17' title='bbox 1010 495 1046 549; x_wconf 89' lang='lat' dir='ltr'><strong>ut</strong></span> <span class='ocrx_word' id='word_1_18' title='bbox 1068 485 1140 550; x_wconf 86' lang='lat' dir='ltr'><strong>sine</strong></span> <span class='ocrx_word' id='word_1_19' title='bbox 1162 483 1232 548; x_wconf 93' lang='lat' dir='ltr'><strong>ulla</strong></span> <span class='ocrx_word' id='word_1_20' title='bbox 1253 483 1400 550; x_wconf 87' lang='lat' dir='ltr'><strong>haesita·</strong></span> 
     </span>
     <span class='ocr_line' id='line_1_4' title="bbox 174 569 1446 658; baseline -0.002 -21"><span class='ocrx_word' id='word_1_21' title='bbox 174 571 264 638; x_wconf 90' lang='lat' dir='ltr'><strong>tione</strong></span> <span class='ocrx_word' id='word_1_22' title='bbox 286 571 316 636; x_wconf 93' lang='lat' dir='ltr'><strong>ei</strong></span> <span class='ocrx_word' id='word_1_23' title='bbox 332 570 567 658; x_wconf 80' lang='lat' dir='ltr'><strong>adjunxissem,</strong></span> <span class='ocrx_word' id='word_1_24' title='bbox 589 571 652 637; x_wconf 89' lang='lat' dir='ltr'><strong>nisi</strong></span> <span class='ocrx_word' id='word_1_25' title='bbox 675 592 779 656; x_wconf 78' lang='lat' dir='ltr'><strong>genus</strong></span> <span class='ocrx_word' id='word_1_26' title='bbox 799 569 878 634; x_wconf 95' lang='lat' dir='ltr'><strong>illud</strong></span> <span class='ocrx_word' id='word_1_27' title='bbox 894 570 1127 649; x_wconf 88' lang='lat' dir='ltr'><strong>vastissimum,</strong></span> <span class='ocrx_word' id='word_1_28' title='bbox 1150 569 1400 635; x_wconf 88' lang='lat' dir='ltr'><strong>diversissimas</strong></span> <span class='ocrx_word' id='word_1_29' title='bbox 1442 573 1446 580; x_wconf 90' lang='lat'>&#39;</span> 
     </span>
     <span class='ocr_line' id='line_1_5' title="bbox 174 655 1400 742; baseline -0.002 -21"><span class='ocrx_word' id='word_1_30' title='bbox 174 655 323 742; x_wconf 83' lang='lat' dir='ltr'><strong>plantas,</strong></span> <span class='ocrx_word' id='word_1_31' title='bbox 351 656 547 740; x_wconf 77' lang='lat' dir='ltr'><strong>praesertim</strong></span> <span class='ocrx_word' id='word_1_32' title='bbox 577 657 686 742; x_wconf 88' lang='lat' dir='ltr'><strong>quoad</strong></span> <span class='ocrx_word' id='word_1_33' title='bbox 717 655 845 722; x_wconf 86' lang='lat' dir='ltr'><strong>fructus</strong></span> <span class='ocrx_word' id='word_1_34' title='bbox 865 655 1025 736; x_wconf 81' lang='lat' dir='ltr'><strong>indolem,</strong></span> <span class='ocrx_word' id='word_1_35' title='bbox 1053 666 1087 720; x_wconf 92' lang='lat' dir='ltr'><strong>ut</strong></span> <span class='ocrx_word' id='word_1_36' title='bbox 1109 656 1244 740; x_wconf 84' lang='lat' dir='ltr'><strong>opinor,</strong></span> <span class='ocrx_word' id='word_1_37' title='bbox 1273 655 1400 739; x_wconf 91' lang='lat' dir='ltr'><strong>ample·</strong></span> 
     </span>
     <span class='ocr_line' id='line_1_6' title="bbox 176 739 1400 828; baseline -0.002 -22"><span class='ocrx_word' id='word_1_38' title='bbox 176 754 280 820; x_wconf 86' lang='lat' dir='ltr'><strong>ctens,</strong></span> <span class='ocrx_word' id='word_1_39' title='bbox 297 742 423 828; x_wconf 89' lang='lat' dir='ltr'><strong>jamdiu</strong></span> <span class='ocrx_word' id='word_1_40' title='bbox 445 741 577 828; x_wconf 85' lang='lat' dir='ltr'><strong>dignum</strong></span> <span class='ocrx_word' id='word_1_41' title='bbox 598 739 727 821; x_wconf 83' lang='lat' dir='ltr'><strong>suisset,</strong></span> <span class='ocrx_word' id='word_1_42' title='bbox 750 744 838 828; x_wconf 87' lang='lat' dir='ltr'><strong>quod</strong></span> <span class='ocrx_word' id='word_1_43' title='bbox 860 743 892 805; x_wconf 89' lang='lat' dir='ltr'><strong>in</strong></span> <span class='ocrx_word' id='word_1_44' title='bbox 916 739 1024 824; x_wconf 86' lang='lat' dir='ltr'><strong>pluria</strong></span> <span class='ocrx_word' id='word_1_45' title='bbox 1045 761 1170 826; x_wconf 84' lang='lat' dir='ltr'><strong>genera</strong></span> <span class='ocrx_word' id='word_1_46' title='bbox 1186 741 1400 820; x_wconf 86' lang='lat' dir='ltr'><strong>divideretur,</strong></span> 
     </span>
     <span class='ocr_line' id='line_1_7' title="bbox 174 823 1400 914; baseline -0.002 -22"><span class='ocrx_word' id='word_1_47' title='bbox 174 829 280 906; x_wconf 89' lang='lat' dir='ltr'><strong>idern,</strong></span> <span class='ocrx_word' id='word_1_48' title='bbox 310 828 397 912; x_wconf 91' lang='lat' dir='ltr'><strong>quod</strong></span> <span class='ocrx_word' id='word_1_49' title='bbox 420 827 491 914; x_wconf 87' lang='lat' dir='ltr'><strong>jam</strong></span> <span class='ocrx_word' id='word_1_50' title='bbox 516 827 609 911; x_wconf 89' lang='lat' dir='ltr'><strong>prius</strong></span> <span class='ocrx_word' id='word_1_51' title='bbox 638 826 679 892; x_wconf 92' lang='lat' dir='ltr'><strong>cl.</strong></span> <span class='ocrx_word' id='word_1_52' title='bbox 702 827 829 904; x_wconf 86' lang='lat' dir='ltr'><strong>Kunth‚</strong></span> <span class='ocrx_word' id='word_1_53' title='bbox 860 838 892 892; x_wconf 96' lang='lat' dir='ltr'><strong>et</strong></span> <span class='ocrx_word' id='word_1_54' title='bbox 920 836 996 910; x_wconf 89' lang='lat' dir='ltr'><strong>post</strong></span> <span class='ocrx_word' id='word_1_55' title='bbox 1025 847 1099 892; x_wconf 91' lang='lat' dir='ltr'><strong>eum</strong></span> <span class='ocrx_word' id='word_1_56' title='bbox 1127 826 1169 892; x_wconf 90' lang='lat' dir='ltr'><strong>cl.</strong></span> <span class='ocrx_word' id='word_1_57' title='bbox 1193 823 1400 892; x_wconf 85' lang='lat' dir='ltr'><strong>Candolleus</strong></span> 
     </span>
     <span class='ocr_line' id='line_1_8' title="bbox 174 910 1401 998; baseline -0.004 -19"><span class='ocrx_word' id='word_1_58' title='bbox 174 923 427 998; x_wconf 88' lang='lat' dir='ltr'><strong>proposuerunt.</strong></span> <span class='ocrx_word' id='word_1_59' title='bbox 452 952 488 963; x_wconf 93' lang='lat'>-</span> <span class='ocrx_word' id='word_1_60' title='bbox 526 910 701 978; x_wconf 80' lang='lat' dir='ltr'><strong>Caeterum</strong></span> <span class='ocrx_word' id='word_1_61' title='bbox 732 923 847 979; x_wconf 89' lang='lat' dir='ltr'><strong>nostro</strong></span> <span class='ocrx_word' id='word_1_62' title='bbox 880 911 1010 996; x_wconf 86' lang='lat' dir='ltr'><strong>planta,</strong></span> <span class='ocrx_word' id='word_1_63' title='bbox 1045 913 1087 976; x_wconf 88' lang='lat' dir='ltr'><strong>ab</strong></span> <span class='ocrx_word' id='word_1_64' title='bbox 1117 911 1268 978; x_wconf 89' lang='lat' dir='ltr'><strong>omnibus</strong></span> <span class='ocrx_word' id='word_1_65' title='bbox 1300 913 1401 975; x_wconf 83' lang='lat' dir='ltr'><strong>Sidae</strong></span> 
     </span>
     <span class='ocr_line' id='line_1_9' title="bbox 175 996 1400 1084; baseline -0.003 -21"><span class='ocrx_word' id='word_1_66' title='bbox 175 999 370 1084; x_wconf 82' lang='lat' dir='ltr'><strong>speciebus,</strong></span> <span class='ocrx_word' id='word_1_67' title='bbox 391 999 455 1064; x_wconf 90' lang='lat' dir='ltr'><strong>imo</strong></span> <span class='ocrx_word' id='word_1_68' title='bbox 478 996 818 1076; x_wconf 82' lang='lat' dir='ltr'><strong>Novo-Hollandicis,</strong></span> <span class='ocrx_word' id='word_1_69' title='bbox 842 1017 927 1083; x_wconf 91' lang='lat' dir='ltr'><strong>quae</strong></span> <span class='ocrx_word' id='word_1_70' title='bbox 950 996 1028 1060; x_wconf 84' lang='lat' dir='ltr'><strong>milri</strong></span> <span class='ocrx_word' id='word_1_71' title='bbox 1051 996 1169 1062; x_wconf 87' lang='lat' dir='ltr'><strong>saltem</strong></span> <span class='ocrx_word' id='word_1_72' title='bbox 1190 1008 1289 1062; x_wconf 88' lang='lat' dir='ltr'><strong>notae</strong></span> <span class='ocrx_word' id='word_1_73' title='bbox 1313 1008 1400 1076; x_wconf 91' lang='lat' dir='ltr'><strong>sunt,</strong></span> 
     </span>
     <span class='ocr_line' id='line_1_10' title="bbox 175 1081 1400 1169; baseline 0 -21"><span class='ocrx_word' id='word_1_74' title='bbox 175 1084 310 1169; x_wconf 67' lang='lat' dir='ltr'><strong>agrarie</strong></span> <span class='ocrx_word' id='word_1_75' title='bbox 342 1081 470 1147; x_wconf 83' lang='lat' dir='ltr'><strong>differt:</strong></span> <span class='ocrx_word' id='word_1_76' title='bbox 511 1087 618 1166; x_wconf 78' lang='lat' dir='ltr'><strong>calpae</strong></span> <span class='ocrx_word' id='word_1_77' title='bbox 650 1083 861 1167; x_wconf 80' lang='lat' dir='ltr'><strong>petaloideo,</strong></span> <span class='ocrx_word' id='word_1_78' title='bbox 900 1091 1066 1165; x_wconf 60' lang='lat' dir='ltr'><strong>patente,</strong></span> <span class='ocrx_word' id='word_1_79' title='bbox 1085 1082 1156 1167; x_wconf 90' lang='lat' dir='ltr'><strong>(qui</strong></span> <span class='ocrx_word' id='word_1_80' title='bbox 1187 1082 1220 1145; x_wconf 93' lang='lat' dir='ltr'><strong>in</strong></span> <span class='ocrx_word' id='word_1_81' title='bbox 1253 1084 1400 1148; x_wconf 87' lang='lat' dir='ltr'><strong>caeteris</strong></span> 
     </span>
     <span class='ocr_line' id='line_1_11' title="bbox 176 1135 1197 1254; baseline -0.005 -20"><span class='ocrx_word' id='word_1_82' title='bbox 176 1135 404 1254; x_wconf 68' lang='lat' dir='ltr'><strong>cupudilormis</strong></span> <span class='ocrx_word' id='word_1_83' title='bbox 426 1168 621 1252; x_wconf 88' lang='lat' dir='ltr'><strong>reperitur),</strong></span> <span class='ocrx_word' id='word_1_84' title='bbox 645 1179 677 1232; x_wconf 91' lang='lat' dir='ltr'><strong>et</strong></span> <span class='ocrx_word' id='word_1_85' title='bbox 693 1171 813 1252; x_wconf 82' lang='lat' dir='ltr'><strong>petalis</strong></span> <span class='ocrx_word' id='word_1_86' title='bbox 836 1165 954 1252; x_wconf 87' lang='lat' dir='ltr'><strong>calyce</strong></span> <span class='ocrx_word' id='word_1_87' title='bbox 976 1167 1197 1242; x_wconf 81' lang='lat' dir='ltr'><strong>brevioribus.</strong></span> 
     </span>
    </p>
   </div>
   <div class='ocr_carea' id='block_1_3' title="bbox 259 1283 1314 1381">
    <p class='ocr_par' dir='ltr' id='par_1_3' title="bbox 259 1283 1314 1381">
     <span class='ocr_line' id='line_1_12' title="bbox 259 1283 1314 1381; baseline -0.01 -23"><span class='ocrx_word' id='word_1_88' title='bbox 259 1284 563 1358; x_wconf 79' lang='lat' dir='ltr'><strong>Fleischeria</strong></span> <span class='ocrx_word' id='word_1_89' title='bbox 582 1287 770 1381; x_wconf 74' lang='lat' dir='ltr'><strong>poliens</strong></span> <span class='ocrx_word' id='word_1_90' title='bbox 793 1283 932 1352; x_wconf 81' lang='lat' dir='ltr'><strong>Steudel</strong></span> <span class='ocrx_word' id='word_1_91' title='bbox 952 1285 975 1350; x_wconf 78' lang='lat' dir='ltr'><strong>t</strong></span> <span class='ocrx_word' id='word_1_92' title='bbox 997 1306 1025 1349; x_wconf 85' lang='lat' dir='ltr'><strong>c.</strong></span> <span class='ocrx_word' id='word_1_93' title='bbox 1048 1307 1081 1370; x_wconf 86' lang='lat' dir='ltr'><strong>p.</strong></span> <span class='ocrx_word' id='word_1_94' title='bbox 1104 1285 1175 1354; x_wconf 75' lang='lat'><strong>237.</strong></span> <span class='ocrx_word' id='word_1_95' title='bbox 1199 1285 1262 1352; x_wconf 86' lang='lat' dir='ltr'><strong>No.</strong></span> <span class='ocrx_word' id='word_1_96' title='bbox 1288 1288 1314 1350; x_wconf 92' lang='lat' dir='ltr'><strong>l.</strong></span> 
     </span>
    </p>
   </div>
   <div class='ocr_carea' id='block_1_4' title="bbox 174 1406 1401 1613">
    <p class='ocr_par' dir='ltr' id='par_1_4' title="bbox 174 1406 1401 1613">
     <span class='ocr_line' id='line_1_13' title="bbox 245 1406 1401 1466; baseline 0 -10"><span class='ocrx_word' id='word_1_97' title='bbox 245 1409 308 1460; x_wconf 82' lang='lat' dir='ltr'><strong>Hab,</strong></span> <span class='ocrx_word' id='word_1_98' title='bbox 327 1410 350 1457; x_wconf 92' lang='lat' dir='ltr'><strong>in</strong></span> <span class='ocrx_word' id='word_1_99' title='bbox 370 1409 456 1459; x_wconf 86' lang='lat' dir='ltr'><strong>Novae</strong></span> <span class='ocrx_word' id='word_1_100' title='bbox 469 1410 614 1458; x_wconf 84' lang='lat' dir='ltr'><strong>Hollandiae</strong></span> <span class='ocrx_word' id='word_1_101' title='bbox 633 1425 676 1458; x_wconf 85' lang='lat' dir='ltr'><strong>ora</strong></span> <span class='ocrx_word' id='word_1_102' title='bbox 694 1409 968 1466; x_wconf 84' lang='lat' dir='ltr'><strong>australi-occidentali,</strong></span> <span class='ocrx_word' id='word_1_103' title='bbox 987 1406 1010 1456; x_wconf 90' lang='lat' dir='ltr'><strong>in</strong></span> <span class='ocrx_word' id='word_1_104' title='bbox 1029 1409 1150 1458; x_wconf 85' lang='lat' dir='ltr'><strong>umbrosis</strong></span> <span class='ocrx_word' id='word_1_105' title='bbox 1168 1409 1264 1458; x_wconf 80' lang='lat' dir='ltr'><strong>saxosis</strong></span> <span class='ocrx_word' id='word_1_106' title='bbox 1282 1409 1312 1455; x_wconf 86' lang='lat' dir='ltr'><strong>ad</strong></span> <span class='ocrx_word' id='word_1_107' title='bbox 1331 1423 1401 1456; x_wconf 89' lang='lat' dir='ltr'><strong>mon-</strong></span> 
     </span>
     <span class='ocr_line' id='line_1_14' title="bbox 174 1473 1397 1544; baseline 0.001 -18"><span class='ocrx_word' id='word_1_108' title='bbox 174 1485 223 1527; x_wconf 87' lang='lat' dir='ltr'><strong>tem</strong></span> <span class='ocrx_word' id='word_1_109' title='bbox 242 1479 372 1542; x_wconf 85' lang='lat' dir='ltr'><strong>Matbilde,</strong></span> <span class='ocrx_word' id='word_1_110' title='bbox 395 1480 466 1529; x_wconf 84' lang='lat' dir='ltr'><strong>distr.</strong></span> <span class='ocrx_word' id='word_1_111' title='bbox 486 1480 612 1543; x_wconf 42' lang='lat' dir='ltr'><strong>York„d.</strong></span> <span class='ocrx_word' id='word_1_112' title='bbox 634 1477 673 1529; x_wconf 93' lang='lat' dir='ltr'><strong>ll.</strong></span> <span class='ocrx_word' id='word_1_113' title='bbox 692 1483 762 1544; x_wconf 85' lang='lat' dir='ltr'><strong>Sept.</strong></span> <span class='ocrx_word' id='word_1_114' title='bbox 785 1475 860 1530; x_wconf 76' lang='lat'><strong>1839.</strong></span> <span class='ocrx_word' id='word_1_115' title='bbox 880 1479 976 1528; x_wconf 81' lang='lat' dir='ltr'><strong>Preissl</strong></span> <span class='ocrx_word' id='word_1_116' title='bbox 1014 1477 1102 1542; x_wconf 69' lang='lat' dir='ltr'><strong>(Herb,</strong></span> <span class='ocrx_word' id='word_1_117' title='bbox 1124 1481 1214 1530; x_wconf 87' lang='lat' dir='ltr'><strong>Preiss.</strong></span> <span class='ocrx_word' id='word_1_118' title='bbox 1234 1481 1282 1530; x_wconf 88' lang='lat' dir='ltr'><strong>No.</strong></span> <span class='ocrx_word' id='word_1_119' title='bbox 1306 1473 1397 1543; x_wconf 70' lang='lat' dir='ltr'><strong>tabat)</strong></span> 
     </span>
     <span class='ocr_line' id='line_1_15' title="bbox 177 1547 1065 1613; baseline -0.001 -14"><span class='ocrx_word' id='word_1_120' title='bbox 177 1563 238 1601; x_wconf 60' lang='lat' dir='ltr'><strong>ras.</strong></span> <span class='ocrx_word' id='word_1_121' title='bbox 259 1550 381 1613; x_wconf 84' lang='lat' dir='ltr'><strong>specimen</strong></span> <span class='ocrx_word' id='word_1_122' title='bbox 400 1551 565 1600; x_wconf 86' lang='lat' dir='ltr'><strong>authenticum</strong></span> <span class='ocrx_word' id='word_1_123' title='bbox 583 1566 599 1600; x_wconf 86' lang='lat' dir='ltr'><strong>a</strong></span> <span class='ocrx_word' id='word_1_124' title='bbox 617 1554 647 1603; x_wconf 91' lang='lat' dir='ltr'><strong>cl.</strong></span> <span class='ocrx_word' id='word_1_125' title='bbox 666 1551 794 1600; x_wconf 87' lang='lat' dir='ltr'><strong>Steudello</strong></span> <span class='ocrx_word' id='word_1_126' title='bbox 813 1551 989 1600; x_wconf 85' lang='lat' dir='ltr'><strong>examinatum!</strong></span> <span class='ocrx_word' id='word_1_127' title='bbox 1063 1547 1065 1552; x_wconf 84' lang='lat'>&#39;</span> 
     </span>
    </p>
   </div>
   <div class='ocr_carea' id='block_1_5' title="bbox 162 1647 1403 2500">
    <p class='ocr_par' dir='ltr' id='par_1_5' title="bbox 162 1647 1403 2500">
     <span class='ocr_line' id='line_1_16' title="bbox 243 1647 1398 1736; baseline 0 -32"><span class='ocrx_word' id='word_1_128' title='bbox 243 1648 347 1704; x_wconf 80' lang='lat' dir='ltr'><strong>Frntex</strong></span> <span class='ocrx_word' id='word_1_129' title='bbox 367 1647 514 1723; x_wconf 82' lang='lat' dir='ltr'><strong>5·pedalis,</strong></span> <span class='ocrx_word' id='word_1_130' title='bbox 532 1659 602 1707; x_wconf 89' lang='lat' dir='ltr'><strong>teste</strong></span> <span class='ocrx_word' id='word_1_131' title='bbox 621 1652 655 1706; x_wconf 85' lang='lat' dir='ltr'><strong>cl.</strong></span> <span class='ocrx_word' id='word_1_132' title='bbox 673 1651 806 1706; x_wconf 87' lang='lat' dir='ltr'><strong>Preissio.</strong></span> <span class='ocrx_word' id='word_1_133' title='bbox 839 1650 931 1708; x_wconf 83' lang='lat' dir='ltr'><strong>Romi</strong></span> <span class='ocrx_word' id='word_1_134' title='bbox 947 1651 1040 1718; x_wconf 89' lang='lat' dir='ltr'><strong>erecti,</strong></span> <span class='ocrx_word' id='word_1_135' title='bbox 1058 1657 1170 1719; x_wconf 82' lang='lat' dir='ltr'><strong>teretes,</strong></span> <span class='ocrx_word' id='word_1_136' title='bbox 1190 1651 1252 1736; x_wconf 88' lang='lat' dir='ltr'><strong>pilis</strong></span> <span class='ocrx_word' id='word_1_137' title='bbox 1270 1652 1398 1719; x_wconf 87' lang='lat' dir='ltr'><strong>stellatis,</strong></span> 
     </span>
     <span class='ocr_line' id='line_1_17' title="bbox 175 1719 1398 1794; baseline 0.002 -20"><span class='ocrx_word' id='word_1_138' title='bbox 175 1719 322 1787; x_wconf 86' lang='lat' dir='ltr'><strong>brevibus,</strong></span> <span class='ocrx_word' id='word_1_139' title='bbox 338 1722 452 1777; x_wconf 80' lang='lat' dir='ltr'><strong>incenis</strong></span> <span class='ocrx_word' id='word_1_140' title='bbox 471 1723 557 1777; x_wconf 87' lang='lat' dir='ltr'><strong>dense</strong></span> <span class='ocrx_word' id='word_1_141' title='bbox 581 1723 742 1791; x_wconf 85' lang='lat' dir='ltr'><strong>tomentosi,</strong></span> <span class='ocrx_word' id='word_1_142' title='bbox 766 1723 884 1786; x_wconf 77' lang='lat' dir='ltr'><strong>ramosi3</strong></span> <span class='ocrx_word' id='word_1_143' title='bbox 908 1722 1035 1776; x_wconf 75' lang='lat' dir='ltr'><strong>ramulis</strong></span> <span class='ocrx_word' id='word_1_144' title='bbox 1052 1720 1224 1775; x_wconf 79' lang='lat' dir='ltr'><strong>inordinatim</strong></span> <span class='ocrx_word' id='word_1_145' title='bbox 1244 1721 1398 1794; x_wconf 86' lang='lat' dir='ltr'><strong>dispositis,</strong></span> 
     </span>
     <span class='ocr_line' id='line_1_18' title="bbox 175 1791 1399 1867; baseline 0.002 -23"><span class='ocrx_word' id='word_1_146' title='bbox 175 1791 395 1862; x_wconf 84' lang='lat' dir='ltr'><strong>erecto-patulis,</strong></span> <span class='ocrx_word' id='word_1_147' title='bbox 413 1792 573 1848; x_wconf 77' lang='lat' dir='ltr'><strong>exilioribus</strong></span> <span class='ocrx_word' id='word_1_148' title='bbox 601 1793 681 1867; x_wconf 85' lang='lat' dir='ltr'><strong>apice</strong></span> <span class='ocrx_word' id='word_1_149' title='bbox 699 1791 839 1862; x_wconf 81' lang='lat' dir='ltr'><strong>floriferis,</strong></span> <span class='ocrx_word' id='word_1_150' title='bbox 859 1793 1037 1859; x_wconf 81' lang='lat' dir='ltr'><strong>tenuioribus,</strong></span> <span class='ocrx_word' id='word_1_151' title='bbox 1056 1799 1194 1847; x_wconf 87' lang='lat' dir='ltr'><strong>caeterum</strong></span> <span class='ocrx_word' id='word_1_152' title='bbox 1212 1809 1306 1847; x_wconf 90' lang='lat' dir='ltr'><strong>ramos</strong></span> <span class='ocrx_word' id='word_1_153' title='bbox 1326 1795 1399 1847; x_wconf 90' lang='lat' dir='ltr'><strong>omni</strong></span> 
     </span>
     <span class='ocr_line' id='line_1_19' title="bbox 175 1836 1398 1936; baseline 0.002 -22"><span class='ocrx_word' id='word_1_154' title='bbox 175 1862 281 1917; x_wconf 88' lang='lat' dir='ltr'><strong>ratione</strong></span> <span class='ocrx_word' id='word_1_155' title='bbox 310 1861 508 1918; x_wconf 80' lang='lat' dir='ltr'><strong>simulantibus.</strong></span> <span class='ocrx_word' id='word_1_156' title='bbox 552 1836 641 1920; x_wconf 62' lang='lat' dir='ltr'><strong>niobe</strong></span> <span class='ocrx_word' id='word_1_157' title='bbox 665 1881 821 1918; x_wconf 80' lang='lat' dir='ltr'><strong>ramorum</strong></span> <span class='ocrx_word' id='word_1_158' title='bbox 844 1863 964 1931; x_wconf 89' lang='lat' dir='ltr'><strong>alterna,</strong></span> <span class='ocrx_word' id='word_1_159' title='bbox 991 1862 1138 1934; x_wconf 81' lang='lat' dir='ltr'><strong>petiolata3</strong></span> <span class='ocrx_word' id='word_1_160' title='bbox 1162 1863 1277 1936; x_wconf 79' lang='lat' dir='ltr'><strong>petiole</strong></span> <span class='ocrx_word' id='word_1_161' title='bbox 1301 1871 1398 1931; x_wconf 87' lang='lat' dir='ltr'><strong>terete,</strong></span> 
     </span>
     <span class='ocr_line' id='line_1_20' title="bbox 175 1930 1400 2004; baseline 0.001 -18"><span class='ocrx_word' id='word_1_162' title='bbox 175 1939 297 1987; x_wconf 90' lang='lat' dir='ltr'><strong>tomento</strong></span> <span class='ocrx_word' id='word_1_163' title='bbox 315 1934 441 2003; x_wconf 86' lang='lat' dir='ltr'><strong>stellato,</strong></span> <span class='ocrx_word' id='word_1_164' title='bbox 460 1935 560 1989; x_wconf 90' lang='lat' dir='ltr'><strong>lncano</strong></span> <span class='ocrx_word' id='word_1_165' title='bbox 581 1933 666 1988; x_wconf 89' lang='lat' dir='ltr'><strong>dense</strong></span> <span class='ocrx_word' id='word_1_166' title='bbox 685 1931 791 2001; x_wconf 85' lang='lat' dir='ltr'><strong>obsito,</strong></span> <span class='ocrx_word' id='word_1_167' title='bbox 810 1930 856 1982; x_wconf 73' lang='grc'><strong>3-4</strong></span> <span class='ocrx_word' id='word_1_168' title='bbox 873 1934 919 1988; x_wconf 89' lang='lat' dir='ltr'><strong>lin.</strong></span> <span class='ocrx_word' id='word_1_169' title='bbox 939 1934 1035 2002; x_wconf 80' lang='lat' dir='ltr'><strong>longo;</strong></span> <span class='ocrx_word' id='word_1_170' title='bbox 1061 1933 1151 1988; x_wconf 81' lang='lat' dir='ltr'><strong>limbo</strong></span> <span class='ocrx_word' id='word_1_171' title='bbox 1169 1933 1400 2004; x_wconf 81' lang='lat' dir='ltr'><strong>ovato-oblongo,</strong></span> 
     </span>
     <span class='ocr_line' id='line_1_21' title="bbox 162 2003 1400 2077; baseline 0.002 -21"><span class='ocrx_word' id='word_1_172' title='bbox 162 2003 234 2057; x_wconf 79' lang='lat' dir='ltr'><strong>basi</strong></span> <span class='ocrx_word' id='word_1_173' title='bbox 259 2003 423 2072; x_wconf 79' lang='lat' dir='ltr'><strong>rotundato,</strong></span> <span class='ocrx_word' id='word_1_174' title='bbox 446 2005 526 2077; x_wconf 87' lang='lat' dir='ltr'><strong>apice</strong></span> <span class='ocrx_word' id='word_1_175' title='bbox 549 2004 649 2059; x_wconf 89' lang='lat' dir='ltr'><strong>obtuso</strong></span> <span class='ocrx_word' id='word_1_176' title='bbox 673 2005 732 2059; x_wconf 85' lang='lat' dir='ltr'><strong>sive</strong></span> <span class='ocrx_word' id='word_1_177' title='bbox 750 2004 937 2076; x_wconf 72' lang='lat' dir='ltr'><strong>seminecum,</strong></span> <span class='ocrx_word' id='word_1_178' title='bbox 961 2003 1082 2074; x_wconf 80' lang='lat' dir='ltr'><strong>margine</strong></span> <span class='ocrx_word' id='word_1_179' title='bbox 1106 2004 1205 2075; x_wconf 88' lang='lat' dir='ltr'><strong>plano,</strong></span> <span class='ocrx_word' id='word_1_180' title='bbox 1230 2004 1400 2072; x_wconf 76' lang='lat' dir='ltr'><strong>subintevro,</strong></span> 
     </span>
     <span class='ocr_line' id='line_1_22' title="bbox 174 2047 1399 2146; baseline 0.002 -20"><span class='ocrx_word' id='word_1_181' title='bbox 174 2073 234 2128; x_wconf 89' lang='lat' dir='ltr'><strong>sive</strong></span> <span class='ocrx_word' id='word_1_182' title='bbox 254 2073 299 2128; x_wconf 84' lang='lat' dir='ltr'><strong>rix</strong></span> <span class='ocrx_word' id='word_1_183' title='bbox 319 2090 352 2128; x_wconf 90' lang='lat' dir='ltr'><strong>ac</strong></span> <span class='ocrx_word' id='word_1_184' title='bbox 370 2091 404 2128; x_wconf 88' lang='lat' dir='ltr'><strong>uc</strong></span> <span class='ocrx_word' id='word_1_185' title='bbox 419 2076 466 2130; x_wconf 76' lang='lat' dir='ltr'><strong>vix</strong></span> <span class='ocrx_word' id='word_1_186' title='bbox 479 2074 588 2145; x_wconf 84' lang='lat' dir='ltr'><strong>quidem</strong></span> <span class='ocrx_word' id='word_1_187' title='bbox 607 2074 887 2145; x_wconf 86' lang='lat' dir='ltr'><strong>undulata-repando,</strong></span> <span class='ocrx_word' id='word_1_188' title='bbox 906 2075 1076 2146; x_wconf 88' lang='lat' dir='ltr'><strong>penninervi,</strong></span> <span class='ocrx_word' id='word_1_189' title='bbox 1094 2093 1125 2128; x_wconf 89' lang='lat' dir='ltr'><strong>su</strong></span> <span class='ocrx_word' id='word_1_190' title='bbox 1148 2091 1179 2128; x_wconf 91' lang='lat' dir='ltr'><strong>ra</strong></span> <span class='ocrx_word' id='word_1_191' title='bbox 1197 2083 1318 2130; x_wconf 86' lang='lat' dir='ltr'><strong>tomento</strong></span> <span class='ocrx_word' id='word_1_192' title='bbox 1329 2047 1399 2130; x_wconf 75' lang='lat' dir='ltr'><strong>vden-</strong></span> 
     </span>
     <span class='ocr_line' id='line_1_23' title="bbox 175 2093 1400 2217; baseline 0.001 -20"><span class='ocrx_word' id='word_1_193' title='bbox 175 2144 299 2211; x_wconf 85' lang='lat' dir='ltr'><strong>slssimo‚</strong></span> <span class='ocrx_word' id='word_1_194' title='bbox 329 2144 451 2201; x_wconf 86' lang='lat' dir='ltr'><strong>breviter</strong></span> <span class='ocrx_word' id='word_1_195' title='bbox 473 2145 598 2214; x_wconf 86' lang='lat' dir='ltr'><strong>stellato,</strong></span> <span class='ocrx_word' id='word_1_196' title='bbox 620 2145 719 2199; x_wconf 85' lang='lat' dir='ltr'><strong>incana</strong></span> <span class='ocrx_word' id='word_1_197' title='bbox 744 2145 882 2214; x_wconf 87' lang='lat' dir='ltr'><strong>velutino,</strong></span> <span class='ocrx_word' id='word_1_198' title='bbox 906 2163 993 2200; x_wconf 85' lang='lat' dir='ltr'><strong>nervo</strong></span> <span class='ocrx_word' id='word_1_199' title='bbox 1017 2145 1107 2199; x_wconf 91' lang='lat' dir='ltr'><strong>medio</strong></span> <span class='ocrx_word' id='word_1_200' title='bbox 1128 2093 1228 2200; x_wconf 61' lang='lat' dir='ltr'><strong>leviter</strong></span> <span class='ocrx_word' id='word_1_201' title='bbox 1254 2146 1400 2217; x_wconf 89' lang='lat' dir='ltr'><strong>impresso,</strong></span> 
     </span>
     <span class='ocr_line' id='line_1_24' title="bbox 174 2213 1400 2288; baseline 0.002 -21"><span class='ocrx_word' id='word_1_202' title='bbox 174 2213 334 2270; x_wconf 74' lang='lat' dir='ltr'><strong>lateralibus</strong></span> <span class='ocrx_word' id='word_1_203' title='bbox 358 2215 491 2271; x_wconf 89' lang='lat' dir='ltr'><strong>obsoletis</strong></span> <span class='ocrx_word' id='word_1_204' title='bbox 515 2217 574 2271; x_wconf 86' lang='lat' dir='ltr'><strong>sive</strong></span> <span class='ocrx_word' id='word_1_205' title='bbox 600 2217 708 2270; x_wconf 90' lang='lat' dir='ltr'><strong>omnino</strong></span> <span class='ocrx_word' id='word_1_206' title='bbox 733 2216 931 2288; x_wconf 90' lang='lat' dir='ltr'><strong>inconspicuis,</strong></span> <span class='ocrx_word' id='word_1_207' title='bbox 955 2215 1051 2270; x_wconf 89' lang='lat' dir='ltr'><strong>subtus</strong></span> <span class='ocrx_word' id='word_1_208' title='bbox 1074 2225 1196 2270; x_wconf 89' lang='lat' dir='ltr'><strong>tomento</strong></span> <span class='ocrx_word' id='word_1_209' title='bbox 1219 2215 1400 2271; x_wconf 88' lang='lat' dir='ltr'><strong>stellato-lla·</strong></span> 
     </span>
     <span class='ocr_line' id='line_1_25' title="bbox 174 2285 1401 2358; baseline 0 -19"><span class='ocrx_word' id='word_1_210' title='bbox 174 2294 314 2355; x_wconf 83' lang='lat' dir='ltr'><strong>vescente,</strong></span> <span class='ocrx_word' id='word_1_211' title='bbox 332 2287 427 2358; x_wconf 88' lang='lat' dir='ltr'><strong>paullo</strong></span> <span class='ocrx_word' id='word_1_212' title='bbox 445 2285 553 2342; x_wconf 84' lang='lat' dir='ltr'><strong>laxiore</strong></span> <span class='ocrx_word' id='word_1_213' title='bbox 571 2287 687 2354; x_wconf 88' lang='lat' dir='ltr'><strong>vestito,</strong></span> <span class='ocrx_word' id='word_1_214' title='bbox 707 2296 733 2342; x_wconf 88' lang='lat' dir='ltr'><strong>et</strong></span> <span class='ocrx_word' id='word_1_215' title='bbox 750 2287 843 2341; x_wconf 89' lang='lat' dir='ltr'><strong>nervis</strong></span> <span class='ocrx_word' id='word_1_216' title='bbox 862 2286 987 2341; x_wconf 89' lang='lat' dir='ltr'><strong>omnibus</strong></span> <span class='ocrx_word' id='word_1_217' title='bbox 1007 2287 1121 2342; x_wconf 89' lang='lat' dir='ltr'><strong>elevatis</strong></span> <span class='ocrx_word' id='word_1_218' title='bbox 1139 2287 1281 2358; x_wconf 90' lang='lat' dir='ltr'><strong>inscripto,</strong></span> <span class='ocrx_word' id='word_1_219' title='bbox 1301 2287 1401 2340; x_wconf 86' lang='lat' dir='ltr'><strong>reticu-</strong></span> 
     </span>
     <span class='ocr_line' id='line_1_26' title="bbox 173 2354 1402 2429; baseline 0.001 -20"><span class='ocrx_word' id='word_1_220' title='bbox 173 2354 364 2428; x_wconf 79' lang='lat' dir='ltr'><strong>lato-rugoso,</strong></span> <span class='ocrx_word' id='word_1_221' title='bbox 388 2356 498 2428; x_wconf 74' lang='lat' dir='ltr'><strong>l¹s,·l³l,</strong></span> <span class='ocrx_word' id='word_1_222' title='bbox 519 2358 635 2429; x_wconf 90' lang='lat' dir='ltr'><strong>pollices</strong></span> <span class='ocrx_word' id='word_1_223' title='bbox 652 2358 746 2428; x_wconf 84' lang='lat' dir='ltr'><strong>longo,</strong></span> <span class='ocrx_word' id='word_1_224' title='bbox 765 2354 811 2408; x_wconf 84' lang='grc'><strong>4-6</strong></span> <span class='ocrx_word' id='word_1_225' title='bbox 829 2359 876 2411; x_wconf 90' lang='lat' dir='ltr'><strong>lin.</strong></span> <span class='ocrx_word' id='word_1_226' title='bbox 894 2357 967 2422; x_wconf 89' lang='lat' dir='ltr'><strong>lato;</strong></span> <span class='ocrx_word' id='word_1_227' title='bbox 985 2357 1063 2428; x_wconf 80' lang='lat' dir='ltr'><strong>folia</strong></span> <span class='ocrx_word' id='word_1_228' title='bbox 1082 2357 1270 2412; x_wconf 83' lang='lat' dir='ltr'><strong>ramulorum</strong></span> <span class='ocrx_word' id='word_1_229' title='bbox 1288 2357 1402 2412; x_wconf 90' lang='lat' dir='ltr'><strong>omnino</strong></span> 
     </span>
     <span class='ocr_line' id='line_1_27' title="bbox 175 2425 1403 2500; baseline -0.003 -20"><span class='ocrx_word' id='word_1_230' title='bbox 175 2427 287 2496; x_wconf 84' lang='lat' dir='ltr'><strong>eadem,</strong></span> <span class='ocrx_word' id='word_1_231' title='bbox 309 2426 359 2482; x_wconf 83' lang='lat' dir='ltr'><strong>sed</strong></span> <span class='ocrx_word' id='word_1_232' title='bbox 384 2427 496 2482; x_wconf 87' lang='lat' dir='ltr'><strong>brevius</strong></span> <span class='ocrx_word' id='word_1_233' title='bbox 515 2428 662 2500; x_wconf 76' lang='lat' dir='ltr'><strong>petiolata,</strong></span> <span class='ocrx_word' id='word_1_234' title='bbox 687 2428 827 2498; x_wconf 82' lang='lat' dir='ltr'><strong>multoque</strong></span> <span class='ocrx_word' id='word_1_235' title='bbox 845 2429 950 2482; x_wconf 90' lang='lat' dir='ltr'><strong>minora</strong></span> <span class='ocrx_word' id='word_1_236' title='bbox 970 2438 997 2482; x_wconf 91' lang='lat' dir='ltr'><strong>et</strong></span> <span class='ocrx_word' id='word_1_237' title='bbox 1015 2429 1188 2499; x_wconf 82' lang='lat' dir='ltr'><strong>angustiora3</strong></span> <span class='ocrx_word' id='word_1_238' title='bbox 1215 2445 1333 2481; x_wconf 72' lang='lat' dir='ltr'><strong>mmma</strong></span> <span class='ocrx_word' id='word_1_239' title='bbox 1352 2425 1403 2476; x_wconf 83' lang='grc'><strong>4-6</strong></span> 
     </span>
    </p>
   </div>
   <div class='ocr_carea' id='block_1_6' title="bbox 174 2475 1529 2970">
    <p class='ocr_par' dir='ltr' id='par_1_6' title="bbox 174 2475 1529 2970">
     <span class='ocr_line' id='line_1_28' title="bbox 174 2475 1529 2616; baseline 0 -67"><span class='ocrx_word' id='word_1_240' title='bbox 174 2493 226 2552; x_wconf 80' lang='lat' dir='ltr'><strong>lin&#39;</strong></span> <span class='ocrx_word' id='word_1_241' title='bbox 244 2497 342 2566; x_wconf 84' lang='lat' dir='ltr'><strong>longa,</strong></span> <span class='ocrx_word' id='word_1_242' title='bbox 366 2497 466 2554; x_wconf 86' lang='lat' dir='ltr'><strong>lineam</strong></span> <span class='ocrx_word' id='word_1_243' title='bbox 488 2499 561 2566; x_wconf 87' lang='lat' dir='ltr'><strong>lata,</strong></span> <span class='ocrx_word' id='word_1_244' title='bbox 587 2499 697 2569; x_wconf 88' lang='lat' dir='ltr'><strong>saepius</strong></span> <span class='ocrx_word' id='word_1_245' title='bbox 721 2499 869 2552; x_wconf 88' lang='lat' dir='ltr'><strong>introrsum</strong></span> <span class='ocrx_word' id='word_1_246' title='bbox 892 2499 1007 2568; x_wconf 69' lang='lat' dir='ltr'><strong>plicatam</strong></span> <span class='ocrx_word' id='word_1_247' title='bbox 1027 2497 1142 2570; x_wconf 81' lang='lat' dir='ltr'><strong>pattolo</strong></span> <span class='ocrx_word' id='word_1_248' title='bbox 1165 2496 1265 2548; x_wconf 89' lang='lat' dir='ltr'><strong>lineam</strong></span> <span class='ocrx_word' id='word_1_249' title='bbox 1289 2496 1404 2549; x_wconf 86' lang='lat' dir='ltr'><strong>circiter</strong></span> <span class='ocrx_word' id='word_1_250' title='bbox 1526 2475 1529 2616; x_wconf 68' lang='lat'>1</span> 
     </span>
     <span class='ocr_line' id='line_1_29' title="bbox 175 2563 1403 2642; baseline -0.002 -21"><span class='ocrx_word' id='word_1_251' title='bbox 175 2568 310 2622; x_wconf 87' lang='lat' dir='ltr'><strong>metiente.</strong></span> <span class='ocrx_word' id='word_1_252' title='bbox 349 2565 490 2642; x_wconf 73' lang='lat' dir='ltr'><strong>Sttpuloa</strong></span> <span class='ocrx_word' id='word_1_253' title='bbox 507 2568 635 2623; x_wconf 86' lang='lat' dir='ltr'><strong>citissime</strong></span> <span class='ocrx_word' id='word_1_254' title='bbox 653 2567 802 2634; x_wconf 87' lang='lat' dir='ltr'><strong>deciduae,</strong></span> <span class='ocrx_word' id='word_1_255' title='bbox 827 2577 853 2622; x_wconf 88' lang='lat' dir='ltr'><strong>et</strong></span> <span class='ocrx_word' id='word_1_256' title='bbox 872 2569 978 2621; x_wconf 91' lang='lat' dir='ltr'><strong>nonnisi</strong></span> <span class='ocrx_word' id='word_1_257' title='bbox 997 2566 1130 2620; x_wconf 88' lang='lat' dir='ltr'><strong>interdum</strong></span> <span class='ocrx_word' id='word_1_258' title='bbox 1150 2564 1185 2617; x_wconf 87' lang='lat' dir='ltr'><strong>ad</strong></span> <span class='ocrx_word' id='word_1_259' title='bbox 1202 2563 1292 2618; x_wconf 88' lang='lat' dir='ltr'><strong>latera</strong></span> <span class='ocrx_word' id='word_1_260' title='bbox 1309 2566 1403 2635; x_wconf 89' lang='lat' dir='ltr'><strong>petio·</strong></span> 
     </span>
     <span class='ocr_line' id='line_1_30' title="bbox 174 2633 1401 2707; baseline 0.002 -19"><span class='ocrx_word' id='word_1_261' title='bbox 174 2636 263 2690; x_wconf 91' lang='lat' dir='ltr'><strong>lorum</strong></span> <span class='ocrx_word' id='word_1_262' title='bbox 282 2653 447 2692; x_wconf 89' lang='lat' dir='ltr'><strong>summorum</strong></span> <span class='ocrx_word' id='word_1_263' title='bbox 466 2638 592 2707; x_wconf 87' lang='lat' dir='ltr'><strong>utrinque</strong></span> <span class='ocrx_word' id='word_1_264' title='bbox 611 2636 754 2705; x_wconf 81' lang='lat' dir='ltr'><strong>residuae,</strong></span> <span class='ocrx_word' id='word_1_265' title='bbox 772 2637 984 2704; x_wconf 84' lang='lat' dir='ltr'><strong>teretioseuloe,</strong></span> <span class='ocrx_word' id='word_1_266' title='bbox 1002 2633 1159 2702; x_wconf 72' lang='lat' dir='ltr'><strong>subulame,</strong></span> <span class='ocrx_word' id='word_1_267' title='bbox 1178 2633 1294 2688; x_wconf 84' lang='lat' dir='ltr'><strong>stellulis</strong></span> <span class='ocrx_word' id='word_1_268' title='bbox 1312 2651 1401 2690; x_wconf 88' lang='lat' dir='ltr'><strong>cano-</strong></span> 
     </span>
     <span class='ocr_line' id='line_1_31' title="bbox 175 2703 1401 2778; baseline 0.002 -19"><span class='ocrx_word' id='word_1_269' title='bbox 175 2714 361 2775; x_wconf 69' lang='lat' dir='ltr'><strong>rememoras,</strong></span> <span class='ocrx_word' id='word_1_270' title='bbox 396 2708 454 2763; x_wconf 86' lang='lat' dir='ltr'><strong>siva</strong></span> <span class='ocrx_word' id='word_1_271' title='bbox 489 2707 569 2778; x_wconf 87' lang='lat' dir='ltr'><strong>apice</strong></span> <span class='ocrx_word' id='word_1_272' title='bbox 605 2706 739 2761; x_wconf 85' lang='lat' dir='ltr'><strong>interdum</strong></span> <span class='ocrx_word' id='word_1_273' title='bbox 769 2706 930 2778; x_wconf 85' lang='lat' dir='ltr'><strong>glabretae,</strong></span> <span class='ocrx_word' id='word_1_274' title='bbox 961 2703 1046 2776; x_wconf 74' lang='lat' dir='ltr'><strong>l·l¹l2</strong></span> <span class='ocrx_word' id='word_1_275' title='bbox 1072 2705 1117 2759; x_wconf 87' lang='lat' dir='ltr'><strong>lin.</strong></span> <span class='ocrx_word' id='word_1_276' title='bbox 1142 2705 1249 2774; x_wconf 77' lang='lat' dir='ltr'><strong>longae.</strong></span> <span class='ocrx_word' id='word_1_277' title='bbox 1294 2703 1401 2762; x_wconf 83' lang='lat' dir='ltr'><strong>Floras</strong></span> 
     </span>
     <span class='ocr_line' id='line_1_32' title="bbox 175 2775 1398 2846; baseline 0.001 -16"><span class='ocrx_word' id='word_1_278' title='bbox 175 2776 320 2845; x_wconf 78' lang='lat' dir='ltr'><strong>axillares,</strong></span> <span class='ocrx_word' id='word_1_279' title='bbox 345 2777 475 2845; x_wconf 87' lang='lat' dir='ltr'><strong>solitarii,</strong></span> <span class='ocrx_word' id='word_1_280' title='bbox 499 2777 544 2831; x_wconf 90' lang='lat' dir='ltr'><strong>vel</strong></span> <span class='ocrx_word' id='word_1_281' title='bbox 566 2778 617 2831; x_wconf 89' lang='lat' dir='ltr'><strong>nisi</strong></span> <span class='ocrx_word' id='word_1_282' title='bbox 636 2777 680 2846; x_wconf 89' lang='lat' dir='ltr'><strong>qui</strong></span> <span class='ocrx_word' id='word_1_283' title='bbox 704 2775 852 2831; x_wconf 87' lang='lat' dir='ltr'><strong>alabastro.</strong></span> <span class='ocrx_word' id='word_1_284' title='bbox 869 2795 902 2831; x_wconf 83' lang='lat' dir='ltr'><strong>ex</strong></span> <span class='ocrx_word' id='word_1_285' title='bbox 927 2775 1023 2830; x_wconf 82' lang='lat' dir='ltr'><strong>eadem</strong></span> <span class='ocrx_word' id='word_1_286' title='bbox 1048 2776 1133 2830; x_wconf 78' lang='lat' dir='ltr'><strong>axilla</strong></span> <span class='ocrx_word' id='word_1_287' title='bbox 1156 2784 1316 2845; x_wconf 86' lang='lat' dir='ltr'><strong>erumpente</strong></span> <span class='ocrx_word' id='word_1_288' title='bbox 1334 2777 1398 2831; x_wconf 85' lang='lat' dir='ltr'><strong>sub·</strong></span> 
     </span>
     <span class='ocr_line' id='line_1_33' title="bbox 175 2846 1398 2970; baseline 0.002 -70"><span class='ocrx_word' id='word_1_289' title='bbox 175 2856 343 2918; x_wconf 85' lang='lat' dir='ltr'><strong>sequuntur,</strong></span> <span class='ocrx_word' id='word_1_290' title='bbox 362 2857 389 2902; x_wconf 86' lang='lat' dir='ltr'><strong>et</strong></span> <span class='ocrx_word' id='word_1_291' title='bbox 406 2848 471 2902; x_wconf 91' lang='lat' dir='ltr'><strong>inde</strong></span> <span class='ocrx_word' id='word_1_292' title='bbox 488 2847 597 2920; x_wconf 83' lang='lat' dir='ltr'><strong>gemini,</strong></span> <span class='ocrx_word' id='word_1_293' title='bbox 616 2846 805 2919; x_wconf 87' lang='lat' dir='ltr'><strong>pedunculati,</strong></span> <span class='ocrx_word' id='word_1_294' title='bbox 826 2847 932 2901; x_wconf 88' lang='lat' dir='ltr'><strong>demum</strong></span> <span class='ocrx_word' id='word_1_295' title='bbox 951 2855 1094 2911; x_wconf 89' lang='lat' dir='ltr'><strong>nutantes;</strong></span> <span class='ocrx_word' id='word_1_296' title='bbox 1107 2847 1281 2970; x_wconf 65' lang='lat' dir='ltr'><strong>pedunculo</strong></span> <span class='ocrx_word' id='word_1_297' title='bbox 1301 2855 1398 2916; x_wconf 80' lang='lat' dir='ltr'><strong>terete,</strong></span> 
     </span>
    </p>
   </div>
   <div class='ocr_carea' id='block_1_7' title="bbox 126 2916 1403 4546">
    <p class='ocr_par' dir='ltr' id='par_1_7' title="bbox 126 2916 1403 4546">
     <span class='ocr_line' id='line_1_34' title="bbox 175 2916 1398 2988; baseline -0.002 -16"><span class='ocrx_word' id='word_1_298' title='bbox 175 2918 352 2986; x_wconf 73' lang='lat' dir='ltr'><strong>abraamem,</strong></span> <span class='ocrx_word' id='word_1_299' title='bbox 380 2919 491 2973; x_wconf 89' lang='lat' dir='ltr'><strong>omnino</strong></span> <span class='ocrx_word' id='word_1_300' title='bbox 517 2917 606 2986; x_wconf 91' lang='lat' dir='ltr'><strong>nudo,</strong></span> <span class='ocrx_word' id='word_1_301' title='bbox 635 2916 769 2986; x_wconf 84' lang='lat' dir='ltr'><strong>unillcro,</strong></span> <span class='ocrx_word' id='word_1_302' title='bbox 798 2934 894 2972; x_wconf 88' lang='lat' dir='ltr'><strong>versus</strong></span> <span class='ocrx_word' id='word_1_303' title='bbox 922 2919 1028 2988; x_wconf 87' lang='lat' dir='ltr'><strong>apicem</strong></span> <span class='ocrx_word' id='word_1_304' title='bbox 1075 2935 1109 2970; x_wconf 88' lang='lat' dir='ltr'><strong>an</strong></span> <span class='ocrx_word' id='word_1_305' title='bbox 1133 2919 1208 2988; x_wconf 91' lang='lat' dir='ltr'><strong>isper</strong></span> <span class='ocrx_word' id='word_1_306' title='bbox 1234 2919 1398 2986; x_wconf 86' lang='lat' dir='ltr'><strong>incrassato,</strong></span> 
     </span>
     <span class='ocr_line' id='line_1_35' title="bbox 175 2935 1397 3060; baseline -0.002 -16"><span class='ocrx_word' id='word_1_307' title='bbox 175 2989 293 3044; x_wconf 85' lang='lat' dir='ltr'><strong>stellulis</strong></span> <span class='ocrx_word' id='word_1_308' title='bbox 310 2989 417 3044; x_wconf 80' lang='lat' dir='ltr'><strong>incenis</strong></span> <span class='ocrx_word' id='word_1_309' title='bbox 433 2989 596 3044; x_wconf 85' lang='lat' dir='ltr'><strong>densissime</strong></span> <span class='ocrx_word' id='word_1_310' title='bbox 614 2997 780 3057; x_wconf 85' lang='lat' dir='ltr'><strong>tomentoso,</strong></span> <span class='ocrx_word' id='word_1_311' title='bbox 797 2984 843 3039; x_wconf 84' lang='grc'><strong>6-8</strong></span> <span class='ocrx_word' id='word_1_312' title='bbox 855 2989 902 3044; x_wconf 92' lang='lat' dir='ltr'><strong>lin.</strong></span> <span class='ocrx_word' id='word_1_313' title='bbox 915 2988 1009 3060; x_wconf 84' lang='lat' dir='ltr'><strong>longo,</strong></span> <span class='ocrx_word' id='word_1_314' title='bbox 1025 2935 1099 3042; x_wconf 70' lang='lat' dir='ltr'><strong>inira</strong></span> <span class='ocrx_word' id='word_1_315' title='bbox 1111 2988 1228 3042; x_wconf 85' lang='lat' dir='ltr'><strong>medium</strong></span> <span class='ocrx_word' id='word_1_316' title='bbox 1242 2987 1397 3055; x_wconf 85' lang='lat' dir='ltr'><strong>articulato,</strong></span> 
     </span>
     <span class='ocr_line' id='line_1_36' title="bbox 176 3057 1397 3146; baseline -0.002 -32"><span class='ocrx_word' id='word_1_317' title='bbox 176 3060 304 3116; x_wconf 82' lang='lat' dir='ltr'><strong>articulo</strong></span> <span class='ocrx_word' id='word_1_318' title='bbox 321 3076 391 3114; x_wconf 88' lang='lat' dir='ltr'><strong>vero</strong></span> <span class='ocrx_word' id='word_1_319' title='bbox 416 3078 467 3146; x_wconf 88' lang='lat' dir='ltr'><strong>pro</strong></span> <span class='ocrx_word' id='word_1_320' title='bbox 489 3069 530 3115; x_wconf 85' lang='lat' dir='ltr'><strong>ter</strong></span> <span class='ocrx_word' id='word_1_321' title='bbox 553 3067 703 3115; x_wconf 84' lang='lat' dir='ltr'><strong>tomentum</strong></span> <span class='ocrx_word' id='word_1_322' title='bbox 721 3060 835 3115; x_wconf 87' lang='lat' dir='ltr'><strong>densum</strong></span> <span class='ocrx_word' id='word_1_323' title='bbox 853 3059 901 3116; x_wconf 81' lang='lat' dir='ltr'><strong>vix</strong></span> <span class='ocrx_word' id='word_1_324' title='bbox 920 3059 1078 3131; x_wconf 86' lang='lat' dir='ltr'><strong>conspicuo.</strong></span> <span class='ocrx_word' id='word_1_325' title='bbox 1114 3057 1277 3114; x_wconf 81' lang='lat' dir='ltr'><strong>Alabastro</strong></span> <span class='ocrx_word' id='word_1_326' title='bbox 1301 3075 1397 3129; x_wconf 83' lang='lat' dir='ltr'><strong>perra,</strong></span> 
     </span>
     <span class='ocr_line' id='line_1_37' title="bbox 175 3128 1397 3202; baseline -0.002 -16"><span class='ocrx_word' id='word_1_327' title='bbox 175 3130 309 3186; x_wconf 86' lang='lat' dir='ltr'><strong>diametro</strong></span> <span class='ocrx_word' id='word_1_328' title='bbox 327 3129 438 3198; x_wconf 85' lang='lat' dir='ltr'><strong>lincam,</strong></span> <span class='ocrx_word' id='word_1_329' title='bbox 478 3148 543 3188; x_wconf 87' lang='lat' dir='ltr'><strong>ensa</strong></span> <span class='ocrx_word' id='word_1_330' title='bbox 562 3140 813 3199; x_wconf 86' lang='lat' dir='ltr'><strong>cano-tomentosa‚</strong></span> <span class='ocrx_word' id='word_1_331' title='bbox 832 3129 1006 3202; x_wconf 82' lang='lat' dir='ltr'><strong>pyriformla‚</strong></span> <span class='ocrx_word' id='word_1_332' title='bbox 1025 3128 1184 3184; x_wconf 87' lang='lat' dir='ltr'><strong>brevissime</strong></span> <span class='ocrx_word' id='word_1_333' title='bbox 1203 3129 1397 3201; x_wconf 87' lang='lat' dir='ltr'><strong>pedunculata,</strong></span> 
     </span>
     <span class='ocr_line' id='line_1_38' title="bbox 174 3199 1398 3286; baseline -0.002 -32"><span class='ocrx_word' id='word_1_334' title='bbox 174 3201 266 3255; x_wconf 86' lang='lat' dir='ltr'><strong>valvis</strong></span> <span class='ocrx_word' id='word_1_335' title='bbox 285 3201 388 3272; x_wconf 82' lang='lat' dir='ltr'><strong>calycis</strong></span> <span class='ocrx_word' id='word_1_336' title='bbox 406 3211 606 3274; x_wconf 82' lang='lat' dir='ltr'><strong>segmentornm</strong></span> <span class='ocrx_word' id='word_1_337' title='bbox 625 3201 672 3256; x_wconf 85' lang='lat' dir='ltr'><strong>vix</strong></span> <span class='ocrx_word' id='word_1_338' title='bbox 691 3201 854 3272; x_wconf 88' lang='lat' dir='ltr'><strong>conspicuis.</strong></span> <span class='ocrx_word' id='word_1_339' title='bbox 889 3201 982 3273; x_wconf 64' lang='lat' dir='ltr'><strong>(luipo</strong></span> <span class='ocrx_word' id='word_1_340' title='bbox 993 3199 1195 3286; x_wconf 77' lang='lat' dir='ltr'><strong>monopbyllus,</strong></span> <span class='ocrx_word' id='word_1_341' title='bbox 1213 3199 1398 3271; x_wconf 83' lang='lat' dir='ltr'><strong>petaloidens,</strong></span> 
     </span>
     <span class='ocr_line' id='line_1_39' title="bbox 175 3269 1398 3343; baseline -0.003 -17"><span class='ocrx_word' id='word_1_342' title='bbox 175 3281 273 3342; x_wconf 87' lang='lat' dir='ltr'><strong>patens</strong></span> <span class='ocrx_word' id='word_1_343' title='bbox 296 3272 356 3326; x_wconf 86' lang='lat' dir='ltr'><strong>sive</strong></span> <span class='ocrx_word' id='word_1_344' title='bbox 373 3273 548 3340; x_wconf 73' lang='lat' dir='ltr'><strong>subruimus,</strong></span> <span class='ocrx_word' id='word_1_345' title='bbox 573 3272 764 3339; x_wconf 87' lang='lat' dir='ltr'><strong>ebracteatus,</strong></span> <span class='ocrx_word' id='word_1_346' title='bbox 788 3271 909 3343; x_wconf 84' lang='lat' dir='ltr'><strong>amplus,</strong></span> <span class='ocrx_word' id='word_1_347' title='bbox 935 3289 1074 3343; x_wconf 75' lang='lat' dir='ltr'><strong>expansus</strong></span> <span class='ocrx_word' id='word_1_348' title='bbox 1093 3271 1227 3325; x_wconf 77' lang='lat' dir='ltr'><strong>diametro</strong></span> <span class='ocrx_word' id='word_1_349' title='bbox 1248 3269 1398 3338; x_wconf 81' lang='lat' dir='ltr'><strong>lli-lineari,</strong></span> 
     </span>
     <span class='ocr_line' id='line_1_40' title="bbox 176 3340 1399 3416; baseline -0.002 -20"><span class='ocrx_word' id='word_1_350' title='bbox 176 3359 262 3411; x_wconf 82' lang='lat' dir='ltr'><strong>usque</strong></span> <span class='ocrx_word' id='word_1_351' title='bbox 281 3341 318 3397; x_wconf 90' lang='lat' dir='ltr'><strong>ad</strong></span> <span class='ocrx_word' id='word_1_352' title='bbox 335 3341 414 3396; x_wconf 86' lang='lat' dir='ltr'><strong>basin</strong></span> <span class='ocrx_word' id='word_1_353' title='bbox 432 3342 490 3396; x_wconf 84' lang='lat' dir='ltr'><strong>lere</strong></span> <span class='ocrx_word' id='word_1_354' title='bbox 508 3341 671 3413; x_wconf 70' lang='lat' dir='ltr'><strong>bpartitus,</strong></span> <span class='ocrx_word' id='word_1_355' title='bbox 691 3343 853 3413; x_wconf 80' lang='lat' dir='ltr'><strong>persistens3</strong></span> <span class='ocrx_word' id='word_1_356' title='bbox 871 3347 1031 3416; x_wconf 78' lang='lat' dir='ltr'><strong>separantis</strong></span> <span class='ocrx_word' id='word_1_357' title='bbox 1049 3343 1154 3410; x_wconf 85' lang='lat' dir='ltr'><strong>oratis,</strong></span> <span class='ocrx_word' id='word_1_358' title='bbox 1172 3340 1399 3409; x_wconf 81' lang='lat' dir='ltr'><strong>membranaceis,</strong></span> 
     </span>
     <span class='ocr_line' id='line_1_41' title="bbox 176 3411 1399 3485; baseline -0.002 -19"><span class='ocrx_word' id='word_1_359' title='bbox 176 3413 283 3467; x_wconf 89' lang='lat' dir='ltr'><strong>demum</strong></span> <span class='ocrx_word' id='word_1_360' title='bbox 307 3413 454 3482; x_wconf 72' lang='lat' dir='ltr'><strong>sections,</strong></span> <span class='ocrx_word' id='word_1_361' title='bbox 478 3414 581 3482; x_wconf 87' lang='lat' dir='ltr'><strong>acutis,</strong></span> <span class='ocrx_word' id='word_1_362' title='bbox 605 3413 709 3485; x_wconf 89' lang='lat' dir='ltr'><strong>planis,</strong></span> <span class='ocrx_word' id='word_1_363' title='bbox 734 3413 805 3466; x_wconf 84' lang='lat' dir='ltr'><strong>lacle</strong></span> <span class='ocrx_word' id='word_1_364' title='bbox 827 3412 1010 3482; x_wconf 82' lang='lat' dir='ltr'><strong>glaberrimis,</strong></span> <span class='ocrx_word' id='word_1_365' title='bbox 1033 3413 1119 3466; x_wconf 86' lang='lat' dir='ltr'><strong>dorso</strong></span> <span class='ocrx_word' id='word_1_366' title='bbox 1142 3421 1169 3467; x_wconf 85' lang='lat' dir='ltr'><strong>et</strong></span> <span class='ocrx_word' id='word_1_367' title='bbox 1192 3413 1312 3484; x_wconf 83' lang='lat' dir='ltr'><strong>margine</strong></span> <span class='ocrx_word' id='word_1_368' title='bbox 1354 3411 1399 3464; x_wconf 82' lang='lat' dir='ltr'><strong>ills</strong></span> 
     </span>
     <span class='ocr_line' id='line_1_42' title="bbox 175 3429 1400 3556; baseline -0.002 -19"><span class='ocrx_word' id='word_1_369' title='bbox 175 3482 300 3550; x_wconf 85' lang='lat' dir='ltr'><strong>stellatis,</strong></span> <span class='ocrx_word' id='word_1_370' title='bbox 319 3484 345 3537; x_wconf 91' lang='lat' dir='ltr'><strong>in</strong></span> <span class='ocrx_word' id='word_1_371' title='bbox 365 3492 460 3538; x_wconf 89' lang='lat' dir='ltr'><strong>centro</strong></span> <span class='ocrx_word' id='word_1_372' title='bbox 478 3483 571 3554; x_wconf 80' lang='lat' dir='ltr'><strong>nigris,</strong></span> <span class='ocrx_word' id='word_1_373' title='bbox 589 3483 616 3538; x_wconf 94' lang='lat' dir='ltr'><strong>in</strong></span> <span class='ocrx_word' id='word_1_374' title='bbox 634 3483 718 3538; x_wconf 87' lang='lat' dir='ltr'><strong>radiis</strong></span> <span class='ocrx_word' id='word_1_375' title='bbox 734 3482 849 3551; x_wconf 78' lang='lat' dir='ltr'><strong>iocaris,</strong></span> <span class='ocrx_word' id='word_1_376' title='bbox 868 3484 1069 3556; x_wconf 82' lang='lat' dir='ltr'><strong>approximatis</strong></span> <span class='ocrx_word' id='word_1_377' title='bbox 1087 3483 1199 3536; x_wconf 84' lang='lat' dir='ltr'><strong>hirsutis</strong></span> <span class='ocrx_word' id='word_1_378' title='bbox 1217 3491 1246 3539; x_wconf 89' lang='lat' dir='ltr'><strong>et</strong></span> <span class='ocrx_word' id='word_1_379' title='bbox 1263 3429 1400 3536; x_wconf 72' lang='lat' dir='ltr'><strong>subtiliter</strong></span> 
     </span>
     <span class='ocr_line' id='line_1_43' title="bbox 186 3549 1399 3638; baseline -0.001 -32"><span class='ocrx_word' id='word_1_380' title='bbox 186 3554 322 3622; x_wconf 70' lang='lat' dir='ltr'><strong>innotatis,</strong></span> <span class='ocrx_word' id='word_1_381' title='bbox 336 3554 617 3619; x_wconf 83' lang='lat' dir='ltr'><strong>reticulato-venusia,</strong></span> <span class='ocrx_word' id='word_1_382' title='bbox 631 3554 721 3613; x_wconf 80' lang='lat' dir='ltr'><strong>(venis</strong></span> <span class='ocrx_word' id='word_1_383' title='bbox 734 3554 820 3608; x_wconf 88' lang='lat' dir='ltr'><strong>tribus</strong></span> <span class='ocrx_word' id='word_1_384' title='bbox 832 3553 1075 3626; x_wconf 84' lang='lat' dir='ltr'><strong>longitudinalibus</strong></span> <span class='ocrx_word' id='word_1_385' title='bbox 1088 3553 1183 3638; x_wconf 89' lang='lat' dir='ltr'><strong>paullo</strong></span> <span class='ocrx_word' id='word_1_386' title='bbox 1195 3549 1399 3619; x_wconf 58' lang='lat' dir='ltr'><strong>validioribus)</strong></span> 
     </span>
     <span class='ocr_line' id='line_1_44' title="bbox 175 3573 1401 3696; baseline -0.002 -20"><span class='ocrx_word' id='word_1_387' title='bbox 175 3573 256 3678; x_wconf 81' lang='lat' dir='ltr'><strong>blin.</strong></span> <span class='ocrx_word' id='word_1_388' title='bbox 274 3623 378 3694; x_wconf 86' lang='lat' dir='ltr'><strong>longis,</strong></span> <span class='ocrx_word' id='word_1_389' title='bbox 400 3625 491 3680; x_wconf 88' lang='lat' dir='ltr'><strong>medio</strong></span> <span class='ocrx_word' id='word_1_390' title='bbox 510 3623 526 3676; x_wconf 83' lang='lat'><strong>3</strong></span> <span class='ocrx_word' id='word_1_391' title='bbox 544 3624 589 3678; x_wconf 88' lang='lat' dir='ltr'><strong>lin.</strong></span> <span class='ocrx_word' id='word_1_392' title='bbox 608 3624 680 3678; x_wconf 88' lang='lat' dir='ltr'><strong>latis.</strong></span> <span class='ocrx_word' id='word_1_393' title='bbox 717 3621 828 3679; x_wconf 83' lang='lat' dir='ltr'><strong>Patala</strong></span> <span class='ocrx_word' id='word_1_394' title='bbox 846 3621 877 3694; x_wconf 83' lang='lat'><strong>5,</strong></span> <span class='ocrx_word' id='word_1_395' title='bbox 902 3625 1067 3696; x_wconf 82' lang='lat' dir='ltr'><strong>hypogyna,</strong></span> <span class='ocrx_word' id='word_1_396' title='bbox 1090 3640 1145 3677; x_wconf 90' lang='lat' dir='ltr'><strong>nna</strong></span> <span class='ocrx_word' id='word_1_397' title='bbox 1167 3623 1228 3678; x_wconf 87' lang='lat' dir='ltr'><strong>basi</strong></span> <span class='ocrx_word' id='word_1_398' title='bbox 1251 3623 1353 3676; x_wconf 86' lang='lat' dir='ltr'><strong>coalita</strong></span> <span class='ocrx_word' id='word_1_399' title='bbox 1372 3629 1401 3676; x_wconf 91' lang='lat' dir='ltr'><strong>et</strong></span> 
     </span>
     <span class='ocr_line' id='line_1_45' title="bbox 175 3693 1400 3766; baseline -0.003 -17"><span class='ocrx_word' id='word_1_400' title='bbox 175 3694 213 3749; x_wconf 91' lang='lat' dir='ltr'><strong>ad</strong></span> <span class='ocrx_word' id='word_1_401' title='bbox 231 3695 324 3749; x_wconf 91' lang='lat' dir='ltr'><strong>tubum</strong></span> <span class='ocrx_word' id='word_1_402' title='bbox 343 3697 503 3750; x_wconf 89' lang='lat' dir='ltr'><strong>stamineum</strong></span> <span class='ocrx_word' id='word_1_403' title='bbox 521 3695 638 3762; x_wconf 84' lang='lat' dir='ltr'><strong>adnata,</strong></span> <span class='ocrx_word' id='word_1_404' title='bbox 658 3703 760 3762; x_wconf 88' lang='lat' dir='ltr'><strong>erecta,</strong></span> <span class='ocrx_word' id='word_1_405' title='bbox 779 3693 796 3746; x_wconf 80' lang='lat'><strong>3</strong></span> <span class='ocrx_word' id='word_1_406' title='bbox 814 3695 859 3749; x_wconf 90' lang='lat' dir='ltr'><strong>lin.</strong></span> <span class='ocrx_word' id='word_1_407' title='bbox 879 3696 988 3750; x_wconf 90' lang='lat' dir='ltr'><strong>circiter</strong></span> <span class='ocrx_word' id='word_1_408' title='bbox 1006 3696 1098 3766; x_wconf 83' lang='lat' dir='ltr'><strong>longa,</strong></span> <span class='ocrx_word' id='word_1_409' title='bbox 1117 3693 1247 3762; x_wconf 82' lang='lat' dir='ltr'><strong>eborata,</strong></span> <span class='ocrx_word' id='word_1_410' title='bbox 1266 3693 1400 3749; x_wconf 90' lang='lat' dir='ltr'><strong>membra·</strong></span> 
     </span>
     <span class='ocr_line' id='line_1_46' title="bbox 175 3763 1401 3836; baseline -0.003 -16"><span class='ocrx_word' id='word_1_411' title='bbox 175 3783 272 3834; x_wconf 84' lang='lat' dir='ltr'><strong>natea,</strong></span> <span class='ocrx_word' id='word_1_412' title='bbox 291 3765 389 3822; x_wconf 87' lang='lat' dir='ltr'><strong>subdia</strong></span> <span class='ocrx_word' id='word_1_413' title='bbox 410 3766 483 3821; x_wconf 89' lang='lat' dir='ltr'><strong>bana</strong></span> <span class='ocrx_word' id='word_1_414' title='bbox 495 3773 523 3819; x_wconf 88' lang='lat' dir='ltr'><strong>ct</strong></span> <span class='ocrx_word' id='word_1_415' title='bbox 535 3766 808 3832; x_wconf 65' lang='lat' dir='ltr'><strong>calculata-venosa,</strong></span> <span class='ocrx_word' id='word_1_416' title='bbox 826 3767 853 3819; x_wconf 94' lang='lat' dir='ltr'><strong>in</strong></span> <span class='ocrx_word' id='word_1_417' title='bbox 867 3767 941 3820; x_wconf 86' lang='lat' dir='ltr'><strong>sicco</strong></span> <span class='ocrx_word' id='word_1_418' title='bbox 953 3765 1120 3836; x_wconf 81' lang='lat' dir='ltr'><strong>ferruginea,</strong></span> <span class='ocrx_word' id='word_1_419' title='bbox 1133 3765 1255 3836; x_wconf 86' lang='lat' dir='ltr'><strong>rnargin&#39;a</strong></span> <span class='ocrx_word' id='word_1_420' title='bbox 1268 3763 1401 3836; x_wconf 78' lang='lat' dir='ltr'><strong>crispulo,</strong></span> 
     </span>
     <span class='ocr_line' id='line_1_47' title="bbox 175 3785 1401 3922; baseline -0.002 -32"><span class='ocrx_word' id='word_1_421' title='bbox 175 3837 282 3908; x_wconf 81' lang='lat' dir='ltr'><strong>glabra,</strong></span> <span class='ocrx_word' id='word_1_422' title='bbox 301 3836 350 3890; x_wconf 83' lang='lat' dir='ltr'><strong>sed</strong></span> <span class='ocrx_word' id='word_1_423' title='bbox 369 3785 438 3892; x_wconf 73' lang='lat' dir='ltr'><strong>ciliis</strong></span> <span class='ocrx_word' id='word_1_424' title='bbox 458 3837 646 3922; x_wconf 67' lang='lat' dir='ltr'><strong>longiusculis,</strong></span> <span class='ocrx_word' id='word_1_425' title='bbox 665 3837 777 3891; x_wconf 79' lang='lat' dir='ltr'><strong>remobe</strong></span> <span class='ocrx_word' id='word_1_426' title='bbox 796 3834 940 3891; x_wconf 87' lang='lat' dir='ltr'><strong>hincinde</strong></span> <span class='ocrx_word' id='word_1_427' title='bbox 958 3835 1101 3907; x_wconf 86' lang='lat' dir='ltr'><strong>adspersa,</strong></span> <span class='ocrx_word' id='word_1_428' title='bbox 1119 3835 1264 3890; x_wconf 85' lang='lat' dir='ltr'><strong>senslmin</strong></span> <span class='ocrx_word' id='word_1_429' title='bbox 1283 3850 1401 3906; x_wconf 82' lang='lat' dir='ltr'><strong>unguem</strong></span> 
     </span>
     <span class='ocr_line' id='line_1_48' title="bbox 176 3905 1402 3980; baseline -0.002 -20"><span class='ocrx_word' id='word_1_430' title='bbox 176 3907 298 3978; x_wconf 89' lang='lat' dir='ltr'><strong>planum,</strong></span> <span class='ocrx_word' id='word_1_431' title='bbox 318 3915 427 3964; x_wconf 85' lang='lat' dir='ltr'><strong>textura</strong></span> <span class='ocrx_word' id='word_1_432' title='bbox 444 3906 602 3977; x_wconf 78' lang='lat' dir='ltr'><strong>firmiorem,</strong></span> <span class='ocrx_word' id='word_1_433' title='bbox 620 3907 720 3967; x_wconf 89' lang='lat' dir='ltr'><strong>lineam</strong></span> <span class='ocrx_word' id='word_1_434' title='bbox 739 3907 834 3978; x_wconf 89' lang='lat' dir='ltr'><strong>paullo</strong></span> <span class='ocrx_word' id='word_1_435' title='bbox 853 3914 1038 3980; x_wconf 85' lang='lat' dir='ltr'><strong>superantem,</strong></span> <span class='ocrx_word' id='word_1_436' title='bbox 1062 3905 1088 3976; x_wconf 59' lang='grc' dir='ltr'>Ἀ</span> <span class='ocrx_word' id='word_1_437' title='bbox 1106 3906 1153 3960; x_wconf 82' lang='grc' dir='ltr'><strong>Ιίη.</strong></span> <span class='ocrx_word' id='word_1_438' title='bbox 1165 3905 1250 3960; x_wconf 88' lang='lat' dir='ltr'><strong>latum</strong></span> <span class='ocrx_word' id='word_1_439' title='bbox 1279 3920 1339 3960; x_wconf 86' lang='lat' dir='ltr'><strong>mar</strong></span> <span class='ocrx_word' id='word_1_440' title='bbox 1357 3905 1402 3958; x_wconf 87' lang='lat' dir='ltr'><strong>ine</strong></span> 
     </span>
     <span class='ocr_line' id='line_1_49' title="bbox 175 3922 1401 4051; baseline -0.003 -19"><span class='ocrx_word' id='word_1_441' title='bbox 175 3985 293 4048; x_wconf 86' lang='lat' dir='ltr'><strong>utroque</strong></span> <span class='ocrx_word' id='word_1_442' title='bbox 312 3977 381 4032; x_wconf 88' lang='lat' dir='ltr'><strong>ciliis</strong></span> <span class='ocrx_word' id='word_1_443' title='bbox 399 3979 614 4051; x_wconf 83' lang='lat' dir='ltr'><strong>approximatis,</strong></span> <span class='ocrx_word' id='word_1_444' title='bbox 637 3978 786 4048; x_wconf 87' lang='lat' dir='ltr'><strong>elongatis,</strong></span> <span class='ocrx_word' id='word_1_445' title='bbox 809 3976 894 4046; x_wconf 89' lang='lat' dir='ltr'><strong>albis,</strong></span> <span class='ocrx_word' id='word_1_446' title='bbox 917 3976 1056 4044; x_wconf 82' lang='lat' dir='ltr'><strong>flaccidis,</strong></span> <span class='ocrx_word' id='word_1_447' title='bbox 1074 3977 1222 4030; x_wconf 88' lang='lat' dir='ltr'><strong>introrsum</strong></span> <span class='ocrx_word' id='word_1_448' title='bbox 1241 3947 1323 4030; x_wconf 77' lang='lat' dir='ltr'><strong>lieris</strong></span> <span class='ocrx_word' id='word_1_449' title='bbox 1339 3922 1401 4029; x_wconf 67' lang='lat' dir='ltr'><strong>bm-</strong></span> 
     </span>
     <span class='ocr_line' id='line_1_50' title="bbox 176 4045 1401 4116; baseline -0.004 -13"><span class='ocrx_word' id='word_1_450' title='bbox 176 4048 423 4104; x_wconf 85' lang='lat' dir='ltr'><strong>briato·barbatum</strong></span> <span class='ocrx_word' id='word_1_451' title='bbox 441 4056 598 4116; x_wconf 88' lang='lat' dir='ltr'><strong>attenuata,</strong></span> <span class='ocrx_word' id='word_1_452' title='bbox 622 4047 729 4103; x_wconf 83' lang='lat' dir='ltr'><strong>demum</strong></span> <span class='ocrx_word' id='word_1_453' title='bbox 749 4064 809 4102; x_wconf 89' lang='lat' dir='ltr'><strong>cum</strong></span> <span class='ocrx_word' id='word_1_454' title='bbox 828 4046 894 4102; x_wconf 89' lang='lat' dir='ltr'><strong>tubo</strong></span> <span class='ocrx_word' id='word_1_455' title='bbox 913 4047 1048 4102; x_wconf 77' lang='lat' dir='ltr'><strong>ammineo</strong></span> <span class='ocrx_word' id='word_1_456' title='bbox 1066 4046 1190 4101; x_wconf 87' lang='lat' dir='ltr'><strong>decidua.</strong></span> <span class='ocrx_word' id='word_1_457' title='bbox 1228 4045 1401 4102; x_wconf 74' lang='lat' dir='ltr'><strong>Filomento</strong></span> 
     </span>
     <span class='ocr_line' id='line_1_51' title="bbox 179 4113 1401 4188; baseline -0.002 -17"><span class='ocrx_word' id='word_1_458' title='bbox 179 4117 273 4188; x_wconf 77' lang='lat' dir='ltr'><strong>tlt-15,</strong></span> <span class='ocrx_word' id='word_1_459' title='bbox 293 4120 384 4173; x_wconf 89' lang='lat' dir='ltr'><strong>omnia</strong></span> <span class='ocrx_word' id='word_1_460' title='bbox 408 4119 523 4186; x_wconf 84' lang='lat' dir='ltr'><strong>fertilia,</strong></span> <span class='ocrx_word' id='word_1_461' title='bbox 549 4127 575 4174; x_wconf 87' lang='lat' dir='ltr'><strong>et</strong></span> <span class='ocrx_word' id='word_1_462' title='bbox 598 4119 626 4173; x_wconf 88' lang='lat' dir='ltr'><strong>in</strong></span> <span class='ocrx_word' id='word_1_463' title='bbox 652 4119 745 4174; x_wconf 91' lang='lat' dir='ltr'><strong>tubum</strong></span> <span class='ocrx_word' id='word_1_464' title='bbox 768 4119 929 4173; x_wconf 88' lang='lat' dir='ltr'><strong>stamineum</strong></span> <span class='ocrx_word' id='word_1_465' title='bbox 945 4117 1008 4172; x_wconf 87' lang='lat' dir='ltr'><strong>basi</strong></span> <span class='ocrx_word' id='word_1_466' title='bbox 1026 4116 1169 4172; x_wconf 88' lang='lat' dir='ltr'><strong>dilatatum</strong></span> <span class='ocrx_word' id='word_1_467' title='bbox 1189 4125 1217 4173; x_wconf 92' lang='lat' dir='ltr'><strong>et</strong></span> <span class='ocrx_word' id='word_1_468' title='bbox 1234 4116 1335 4188; x_wconf 83' lang='lat' dir='ltr'><strong>petalis</strong></span> <span class='ocrx_word' id='word_1_469' title='bbox 1354 4113 1401 4169; x_wconf 84' lang='lat' dir='ltr'><strong>ad·</strong></span> 
     </span>
     <span class='ocr_line' id='line_1_52' title="bbox 147 4185 1401 4260; baseline -0.005 -15"><span class='ocrx_word' id='word_1_470' title='bbox 147 4197 151 4202; x_wconf 83' lang='grc'><strong>“</strong></span> <span class='ocrx_word' id='word_1_471' title='bbox 176 4187 573 4258; x_wconf 86' lang='lat' dir='ltr'><strong>uatum‚&#39;oolumnaelormem,</strong></span> <span class='ocrx_word' id='word_1_472' title='bbox 592 4188 729 4260; x_wconf 83' lang='lat' dir='ltr'><strong>glabrum,</strong></span> <span class='ocrx_word' id='word_1_473' title='bbox 747 4185 764 4239; x_wconf 72' lang='lat'>2</span> <span class='ocrx_word' id='word_1_474' title='bbox 781 4189 827 4244; x_wconf 84' lang='lat' dir='ltr'><strong>llo.</strong></span> <span class='ocrx_word' id='word_1_475' title='bbox 847 4189 956 4243; x_wconf 84' lang='lat' dir='ltr'><strong>circiter</strong></span> <span class='ocrx_word' id='word_1_476' title='bbox 973 4187 1093 4259; x_wconf 81' lang='lat' dir='ltr'><strong>longum,</strong></span> <span class='ocrx_word' id='word_1_477' title='bbox 1111 4188 1210 4242; x_wconf 82' lang='lat' dir='ltr'><strong>oraria</strong></span> <span class='ocrx_word' id='word_1_478' title='bbox 1228 4185 1401 4242; x_wconf 86' lang='lat' dir='ltr'><strong>absconden-</strong></span> 
     </span>
     <span class='ocr_line' id='line_1_53' title="bbox 126 4255 1403 4333; baseline -0.003 -21"><span class='ocrx_word' id='word_1_479' title='bbox 126 4298 134 4312; x_wconf 82' lang='grc'>.</span> <span class='ocrx_word' id='word_1_480' title='bbox 177 4271 231 4316; x_wconf 90' lang='lat' dir='ltr'><strong>tem</strong></span> <span class='ocrx_word' id='word_1_481' title='bbox 245 4269 271 4316; x_wconf 91' lang='lat' dir='ltr'><strong>et</strong></span> <span class='ocrx_word' id='word_1_482' title='bbox 284 4259 384 4333; x_wconf 84' lang='lat' dir='ltr'><strong>stylum</strong></span> <span class='ocrx_word' id='word_1_483' title='bbox 397 4259 611 4314; x_wconf 85' lang='lat' dir='ltr'><strong>circumdantem</strong></span> <span class='ocrx_word' id='word_1_484' title='bbox 624 4268 752 4327; x_wconf 87' lang='lat' dir='ltr'><strong>connata,</strong></span> <span class='ocrx_word' id='word_1_485' title='bbox 763 4259 844 4331; x_wconf 83' lang='lat' dir='ltr'><strong>apice</strong></span> <span class='ocrx_word' id='word_1_486' title='bbox 855 4259 979 4314; x_wconf 88' lang='lat' dir='ltr'><strong>breviter</strong></span> <span class='ocrx_word' id='word_1_487' title='bbox 990 4258 1086 4328; x_wconf 87' lang='lat' dir='ltr'><strong>libera,</strong></span> <span class='ocrx_word' id='word_1_488' title='bbox 1100 4255 1219 4314; x_wconf 81' lang='lat' dir='ltr'><strong>deflexa.</strong></span> <span class='ocrx_word' id='word_1_489' title='bbox 1248 4255 1403 4313; x_wconf 78' lang='lat' dir='ltr'><strong>Aatltarae</strong></span> 
     </span>
     <span class='ocr_line' id='line_1_54' title="bbox 177 4326 1401 4400; baseline -0.006 -15"><span class='ocrx_word' id='word_1_490' title='bbox 177 4331 380 4399; x_wconf 89' lang='lat' dir='ltr'><strong>uniloculares,</strong></span> <span class='ocrx_word' id='word_1_491' title='bbox 404 4328 583 4397; x_wconf 87' lang='lat' dir='ltr'><strong>renilormes,</strong></span> <span class='ocrx_word' id='word_1_492' title='bbox 600 4329 726 4400; x_wconf 77' lang='lat' dir='ltr'><strong>aulaque</strong></span> <span class='ocrx_word' id='word_1_493' title='bbox 745 4329 874 4398; x_wconf 82' lang='lat' dir='ltr'><strong>obtusae,</strong></span> <span class='ocrx_word' id='word_1_494' title='bbox 893 4328 1080 4400; x_wconf 81' lang='lat' dir='ltr'><strong>ferrugineas,</strong></span> <span class='ocrx_word' id='word_1_495' title='bbox 1099 4328 1189 4385; x_wconf 86' lang='lat' dir='ltr'><strong>madio</strong></span> <span class='ocrx_word' id='word_1_496' title='bbox 1207 4329 1343 4393; x_wconf 86' lang='lat' dir='ltr'><strong>insertae,</strong></span> <span class='ocrx_word' id='word_1_497' title='bbox 1362 4326 1401 4380; x_wconf 87' lang='lat' dir='ltr'><strong>bl·</strong></span> 
     </span>
     <span class='ocr_line' id='line_1_55' title="bbox 176 4394 1401 4473; baseline -0.003 -19"><span class='ocrx_word' id='word_1_498' title='bbox 176 4402 282 4470; x_wconf 81' lang='lat' dir='ltr'><strong>salves,</strong></span> <span class='ocrx_word' id='word_1_499' title='bbox 300 4401 368 4458; x_wconf 86' lang='lat' dir='ltr'><strong>rima</strong></span> <span class='ocrx_word' id='word_1_500' title='bbox 386 4401 575 4473; x_wconf 82' lang='lat' dir='ltr'><strong>longitudlnall</strong></span> <span class='ocrx_word' id='word_1_501' title='bbox 594 4399 782 4465; x_wconf 66' lang='lat' dir='ltr'><strong>dehiscentem</strong></span> <span class='ocrx_word' id='word_1_502' title='bbox 800 4401 894 4457; x_wconf 70' lang='lat' dir='ltr'><strong>satta</strong></span> <span class='ocrx_word' id='word_1_503' title='bbox 912 4398 1018 4456; x_wconf 77' lang='lat' dir='ltr'><strong>effoetis</strong></span> <span class='ocrx_word' id='word_1_504' title='bbox 1036 4399 1197 4455; x_wconf 85' lang='lat' dir='ltr'><strong>divaricatis</strong></span> <span class='ocrx_word' id='word_1_505' title='bbox 1215 4398 1261 4454; x_wconf 86' lang='lat' dir='ltr'><strong>vel</strong></span> <span class='ocrx_word' id='word_1_506' title='bbox 1278 4394 1401 4452; x_wconf 81' lang='lat' dir='ltr'><strong>rellexls.</strong></span> 
     </span>
     <span class='ocr_line' id='line_1_56' title="bbox 180 4468 1402 4546; baseline -0.005 -20"><span class='ocrx_word' id='word_1_507' title='bbox 180 4469 294 4532; x_wconf 75' lang='lat' dir='ltr'><strong>Oratio</strong></span> <span class='ocrx_word' id='word_1_508' title='bbox 306 4470 332 4541; x_wconf 86' lang='lat' dir='ltr'><strong>b,</strong></span> <span class='ocrx_word' id='word_1_509' title='bbox 350 4474 469 4542; x_wconf 87' lang='lat' dir='ltr'><strong>minima,</strong></span> <span class='ocrx_word' id='word_1_510' title='bbox 480 4471 670 4546; x_wconf 79' lang='lat' dir='ltr'><strong>subpuberula</strong></span> <span class='ocrx_word' id='word_1_511' title='bbox 681 4472 741 4528; x_wconf 86' lang='lat' dir='ltr'><strong>sive</strong></span> <span class='ocrx_word' id='word_1_512' title='bbox 753 4469 858 4542; x_wconf 78' lang='lat' dir='ltr'><strong>glabra,</strong></span> <span class='ocrx_word' id='word_1_513' title='bbox 872 4488 971 4544; x_wconf 80' lang='lat' dir='ltr'><strong>opaca,</strong></span> <span class='ocrx_word' id='word_1_514' title='bbox 984 4470 1173 4544; x_wconf 74' lang='lat' dir='ltr'><strong>irregulariter</strong></span> <span class='ocrx_word' id='word_1_515' title='bbox 1184 4468 1402 4540; x_wconf 74' lang='lat' dir='ltr'><strong>ovato-trigona,</strong></span> 
     </span>
    </p>
   </div>
   <div class='ocr_carea' id='block_1_8' title="bbox 588 4655 605 4682">
    <p class='ocr_par' dir='ltr' id='par_1_8' title="bbox 588 4655 605 4682">
     <span class='ocr_line' id='line_1_57' title="bbox 588 4655 605 4682; baseline 0 0"><span class='ocrx_word' id='word_1_516' title='bbox 588 4655 605 4682; x_wconf 65' lang='lat' dir='ltr'>Q</span> 
     </span>
    </p>
   </div>
   <div class='ocr_carea' id='block_1_9' title="bbox 0 0 1545 4880">
    <p class='ocr_par' dir='ltr' id='par_1_9' title="bbox 0 0 1545 4880">
     <span class='ocr_line' id='line_1_58' title="bbox 0 0 1545 4880; baseline 0 0"><span class='ocrx_word' id='word_1_517' title='bbox 0 0 1545 4880; x_wconf 95' lang='lat' dir='ltr'><strong> </strong></span> 
     </span>
    </p>
   </div>
  </div>
 </body>
</html>
