3070 4876
74 439 79 468 l

554 205 941 278 *ddi-

206 389 307 448 Gauiis
333 401 360 446 et
383 395 466 446 rami
489 391 622 462 graciles,
647 393 756 446 urnnino
776 402 805 446 nt
822 392 849 446 in
868 389 1060 462 praecedente.
1097 389 1198 444 Furnra
1214 391 1360 461 foliorum

135 469 162 516 et
184 462 370 539 stipularum
393 477 544 531 cortinaque
566 462 750 516 indumentum
773 462 854 516 etiarn
872 477 928 515 non
947 458 1089 528 differunt,
1113 460 1273 531 plerumque
1291 475 1360 514 vero

133 533 240 588 minora
265 540 292 588 et
310 532 460 604 graciliora
477 541 549 588 sunt.
587 531 676 587 Folia
693 549 758 586 raro
776 532 886 604 pollicis
904 530 1099 600 longitudinem
1119 539 1253 600 eeqrrant,
1278 531 1360 584 raru-

134 603 201 658 sime
225 612 374 674 superant,
398 602 541 656 latitudine
560 599 639 672 ΜΨ,
660 603 808 672 linearum,
833 603 874 656 sic
893 611 923 656 ut
940 600 1206 655 lineari-lanceolata
1224 600 1278 654 dici
1296 617 1361 670 pus·

134 674 202 737 sinu
220 689 357 742 nunquam
376 672 601 728 lrastatu·tr·iloba
618 673 724 741 inveni,
736 673 898 744 saepissime
917 672 996 726 basin
1007 687 1106 726 versus
1124 671 1251 741 utrinque
1266 670 1361 741 paullo

135 743 252 798 dilatate
271 751 299 798 et
316 743 480 798 subhastata
498 751 570 798 sunt·
609 743 738 799 Recenti
754 741 949 816 oppositiiolii,
975 742 1142 808 brevissimi,
1166 741 1361 812 semipullicem

134 815 182 868 vix
207 831 241 868 ac
265 831 300 870 ne
317 815 365 869 vix
384 813 494 884 quidem
513 815 697 879 excedentes;
721 813 831 870 rbacbt
847 813 969 885 bispida,
993 811 1053 866 basi
1071 811 1162 866 inedia
1180 820 1259 866 tenus
1278 810 1361 878 nrrda,

135 900 241 940 summo
266 885 345 970 apice
369 882 486 950 Silera,
516 885 655 940 rarissime
679 882 828 949 l·5·ucre;
855 881 980 956 floribus
1002 882 1175 954 majusculis,
1202 880 1363 937 brevissime

157 953 324 1020 adicelletrs3
343 955 502 1028 particellis
525 953 583 1023 Vri
607 955 656 1010 lin.
678 955 767 1028 longis
806 956 853 1023 (in
877 955 993 1010 duribus
1017 953 1203 1008 terminalibus
1226 951 1362 1008 interdum

135 973 340 1093 bilinearibus),
366 1025 496 1098 hispidis,
523 1025 583 1080 basi
607 1027 742 1098 apiceque
769 995 933 1089 bracteatis3
963 1024 1085 1080 bractea
1112 1023 1239 1080 daeilart
1263 1023 1363 1076 lineam

135 1093 230 1167 lange,
251 1104 345 1164 ovate,
364 1097 452 1151 dorsu
469 1096 586 1150 stellulis
603 1111 764 1167 conspersa,
782 1095 853 1150 secie
872 1095 1047 1166 gleberrima,
1066 1095 1149 1150 valde
1168 1095 1283 1161 caduca,
1303 1109 1362 1146 sae·

135 1167 197 1238 pius
215 1165 310 1221 forsan
329 1167 440 1222 omnine
460 1165 619 1232 deficienter
639 1166 762 1222 bractea
780 1166 999 1242 bypaeelpctea
1017 1167 1196 1236 persistente,
1215 1164 1362 1236 tripartita,

135 1237 242 1292 demum
265 1236 386 1305 reflexa,
412 1237 550 1292 dimidium
575 1237 698 1309 calycern
720 1237 936 1309 subreperentce
967 1237 1086 1292 lactatis
1109 1235 1258 1291 linearibus
1284 1233 1362 1288 obtu-

135 1307 276 1376 siusculis,
294 1309 421 1378 utrinque
440 1307 502 1380 pilis
521 1307 650 1374 stellatis,
670 1308 777 1432 ripidis,
796 1306 957 1363 etro-inscia
975 1308 1033 1361 sive
1053 1306 1184 1362 oliveceis
1201 1305 1363 1360 densissime

135 1377 176 1432 bls
197 1378 258 1446 ldis,
276 1379 439 1433 intermedia
457 1378 616 1434 lateralibus
635 1397 690 1450 pen
703 1379 730 1432 lo
749 1379 873 1450 longiore
892 1385 919 1432 et
937 1377 1043 1433 latinre.
1078 1377 1171 1449 Calpen
1190 1386 1220 1431 ut
1236 1377 1264 1429 in
1283 1391 1362 1446 pree·

136 1397 265 1516 cedente,
284 1449 334 1503 sed
351 1449 455 1520 major,
474 1453 633 1521 repensatis
651 1449 736 1520 dupin
755 1449 814 1504 lere
831 1449 992 1516 latioribus,
1015 1447 1164 1520 paulloque
1182 1446 1362 1516 longioribus.

136 1515 248 1573 Patala
265 1520 391 1587 minine,
409 1521 456 1574 vix
475 1519 657 1590 qrredrantem
675 1519 763 1575 lineae
781 1521 878 1588 longa,
902 1527 999 1586 orate,
1019 1518 1204 1583 acutiuscula,
1223 1525 1363 1587 atro-pur·

136 1605 225 1660 purea
242 1589 301 1644 sive
319 1589 455 1658 violacea,
474 1589 581 1658 glabre,
597 1589 745 1644 illamentis
762 1589 897 1644 fertilibus
916 1589 1056 1660 oppositu,
1075 1589 1124 1642 sed
1136 1588 1244 1644 nonnisi
1256 1594 1363 1641 remoto

136 1659 235 1714 oraria
252 1661 420 1729 remotisque
439 1659 542 1731 calycis
554 1661 711 1730 segmentis,
730 1665 838 1713 armato
851 1659 934 1712 oculo
947 1659 1104 1730 conspicue·
1136 1657 1307 1713 enimenta
1322 1655 1363 1720 ltt,

137 1729 322 1800 planiuscula,
346 1738 575 1801 atro-purpurea,
600 1731 660 1784 basi
677 1730 793 1798 latiore,
817 1729 900 1784 valde
919 1729 1090 1799 inaequelle;
1114 1728 1230 1783 sterilia
1249 1727 1363 1790 alterna,

137 1805 237 1867 areta,
260 1800 445 1866 ectitiuseule,
469 1799 647 1867 brevissime,
672 1800 771 1871 petalis
790 1799 902 1867 similia,
922 1815 1071 1868 eurumque
1089 1797 1256 1870 lungitudine
1275 1795 1365 1850 lineae

137 1870 313 1940 quadrantisr
336 1871 455 1941 fertilia
479 1879 508 1924 ut
531 1872 559 1924 in
604 1870 782 1938 remetiente,
808 1871 867 1924 slve
893 1869 987 1942 paullo
1004 1869 1148 1940 longiore,
1171 1868 1364 1938 sesquilineam

136 1941 273 1996 interdum
301 1941 473 1996 excedentia.
519 1889 672 1996 Antderue
699 1941 810 1995 omnino
840 1955 896 1994 non
924 1939 1061 1995 differunt.
1110 1939 1257 1995 Orantem
1282 1937 1364 2008 idem,

137 2010 188 2066 sed
211 2011 274 2082 pilis
292 2010 480 2080 glendnllleria
504 2010 649 2066 hincinde
668 2020 807 2080 ornatum,
832 2009 918 2065 multo
937 2010 1046 2080 quidem
1064 2009 1216 2064 rarioribus
1234 2025 1315 2078 quam
1337 2009 1365 2062 ln

138 2082 236 2136 avaria
253 2080 430 2137 Tecmessae
443 2085 657 2154 praetenturae,
676 2083 837 2153 plerumque
854 2097 974 2136 roseum.
1006 2079 1109 2152 Stplus
1124 2088 1151 2136 et
1162 2085 1272 2154 stipans
1290 2088 1320 2133 ut
1337 2080 1364 2133 in

137 2152 332 2224 praecedente.
370 2151 502 2226 Capaneia
518 2161 644 2208 matura
661 2169 716 2206 non
735 2152 866 2224 suppetit.

140 2293 187 2360 tu
223 2290 519 2362 Teumesia?
540 2295 774 2362 montana
798 2292 940 2359 scendet.

225 2405 284 2476 Th.
308 2420 504 2490 inuenisse,
527 2405 616 2478 foliis
639 2407 808 2494 petiolatis
828 2407 936 2476 oretis
952 2411 1174 2488 subcordetis,
1196 2409 1317 2494 petalis
1333 2411 1365 2486 5,

137 2496 313 2600 filamentis
332 2497 493 2574 ,erunibus
524 2495 599 2563 basi
631 2498 664 2560 in
693 2495 845 2580 capulam
873 2497 1021 2562 averium
1049 2506 1258 2582 superantem
1286 2515 1364 2562 enn-

136 2593 231 2648 uatis.

269 2687 440 2748 Tboneuse'a
461 2695 614 2749 montana
637 2681 789 2750 Steudeli
812 2685 845 2748 iu
867 2683 984 2750 Lebur.
1008 2682 1112 2750 Plaut.
1134 2683 1259 2750 Praise.
1282 2681 1320 2748 T.
1336 2683 1364 2751 l.
1458 2709 1461 2716 ⁴

223 2793 255 2854 p.
279 2771 352 2836 230.
374 2770 439 2835 Ne.
462 2772 493 2838 Ξ.

207 2876 271 2928 Hab.
295 2877 320 2924 in
338 2875 426 2925 Navae
443 2875 590 2925 Hellendiee
609 2887 653 2923 ore
671 2875 950 2936 australi-accidentali,
970 2877 995 2926 ln
1015 2877 1173 2925 seen-utres
1191 2875 1302 2923 Colania.
1340 2873 1366 2922 ln

37 2945 38 2948 ’
137 2945 256 3009 lapidosis
274 2947 408 2997 cacuminis
426 2947 515 2994 mentis
533 2945 663 3002 liniendi,
684 2945 849 3004 utereturi,
869 2947 892 2994 d.
913 2941 937 2995 5.
956 2949 1026 3009 Sept.
1048 2940 1125 3002 teeti.
1143 2943 1241 2994 Preiss!
1274 2943 1365 3006 (Herb.

138 3017 230 3065 Preles.
249 3016 298 3065 Nu.
320 3011 415 3073 ilidii)
433 3031 457 3066 v.
471 3030 491 3066 s.

210 3115 326 3186 Species
339 3115 554 3183 distinctissime,
573 3113 778 3184 quodammodo
791 3115 922 3170 anomale
938 3115 965 3168 in
983 3132 1085 3186 genere
1098 3123 1126 3170 et
1144 3113 1263 3170 tortasse
1276 3115 1368 3184 digna,

141 3202 213 3256 quea
235 3185 301 3240 novi
325 3185 433 3256 generis
458 3193 552 3256 typum
571 3185 716 3253 exhibeat,
742 3185 832 3240 fructu
855 3186 996 3255 incognito
1013 3202 1083 3240 vero
1101 3188 1258 3256 neutiquam
1277 3185 1368 3240 adbuc

140 3253 307 3327 separanda,
324 3255 488 3325 praesertim
506 3273 587 3326 quum
606 3256 699 3313 babitu
713 3257 830 3322 caeteris
844 3256 1043 3326 congeneribus
1056 3265 1230 3324 annectatur,
1249 3257 1368 3327 exempli

139 3327 230 3400 ‘gratia
251 3321 429 3380 Thamariae
446 3327 642 3398 macracalpu
660 3336 687 3383 et
704 3324 887 3392 nudulutae,
907 3345 924 3380 a
943 3327 1041 3397 quibus
1060 3337 1171 3400 praeter
1190 3327 1367 3382 characteres

141 3396 316 3463 essentiales,
336 3394 395 3466 jam
413 3397 500 3468 primo
518 3397 615 3454 intuitu
634 3398 661 3452 di
682 3399 818 3452 nescituri
846 3397 961 3469 stipulis·
973 3401 1058 3452 multo
1077 3398 1228 3454 minoribus
1246 3397 1368 3468 petiolis·

141 3483 194 3537 qrre
211 3465 398 3537 longioribuS,
418 3467 525 3521 ratione
543 3465 638 3523 habite
656 3417 784 3524 delictum
802 3469 946 3522 minorum.
968 3471 971 3475 ⁴

210 3535 314 3591 Frutex
333 3535 487 3608 3-pedalis,
505 3545 575 3592 teste
595 3539 779 3594 cl.P1·eissin.
821 3539 919 3595 Caelia
939 3549 1026 3606 teres,
1046 3538 1149 3592 cortice
1167 3538 1302 3605 brunnen,
1322 3538 1368 3592 de·

88 3665 94 3674 ,
140 3624 212 3662 mum
231 3607 357 3678 glabreta
376 3615 475 3674 tectus,
494 3621 629 3662 ramosus.
666 3609 763 3664 Remi
778 3610 925 3677 suberecti,
944 3610 1159 3676 amarescentes,
1177 3608 1240 3680 pilis
1253 3609 1368 3662 stellatis

141 3679 301 3764 tomentusi,
321 3678 437 3763 ramuli
454 3678 563 3735 novelli
579 3678 643 3749 pilis
661 3679 790 3746 stellatis,
809 3681 982 3752 patentibus,
1002 3678 1303 3764 elissaee-ferrugineis
1321 3697 1368 3735 ve·

141 3743 1254 3890 tle,ltetlllteli‘tutti⁰¹tlict0‘tttlletititittltllttll·
1273 3750 1367 3875 leti:

141 3889 252 3954 nervia,
276 3889 370 3945 nervis
386 3861 474 3960 supda
492 3861 590 3962 argut’e
608 3861 767 3962 impdesdis,
791 3891 887 3947 subtus
905 3838 1020 3958 validis,
1045 3891 1106 3945 basi
1124 3839 1223 3946 ldvirer
1241 3839 1367 3959 duddate,

142 3957 222 4028 apice
241 3957 355 4026 obtuse,
368 3960 501 4030 margine
518 3961 645 4032 repanda
664 3971 691 4016 et
709 3960 855 4029 undulata,
880 3961 989 4028 mollia,
1015 3962 1141 4031 utrinque
1159 3962 1225 4033 pilis
1241 3962 1367 4027 stellatis,

142 4025 256 4081 remotis
274 4026 396 4097 hirsuta,
418 4031 514 4086 subtus
534 4031 699 4102 pallidiora,
724 4032 883 4104 plerumque
923 4031 1062 4100 alliceria,
1086 4033 1145 4087 sire
1164 4034 1226 4104 plus
1244 4035 1368 4089 rainusve

142 4097 263 4164 minora,
289 4095 334 4148 Μ
353 4097 400 4153 lia.
418 4099 491 4169 lata,
515 4100 605 4158 limbo
631 4103 738 4157 demum
760 4119 846 4173 saepe
865 4051 979 4158 redexo.
1018 4100 1158 4176 Stipalae
1176 4104 1281 4175 petinln
1300 4103 1367 4165 lolii,

143 4167 217 4252 quud
236 4166 364 4236 fulciunt,
388 4170 524 4238 minores,
547 4174 707 4244 plerumque
726 4181 853 4228 arrectae
872 4183 901 4228 et
918 4174 1001 4228 ramis
1020 4189 1188 4246 appressse,
1208 4173 1367 4228 brevissime

163 4237 294 4292 etrulatae
305 4238 351 4292 vel
362 4239 534 4323 subsessiles,
553 4252 664 4312 ovatae,
683 4245 808 4312 obtusae,
826 4245 959 4316 integrae,
976 4245 1038 4298 sive
1050 4243 1116 4298 lube
1128 4243 1249 4308 basilari,
1268 4242 1367 4296 obtuso

141 4257 206 4364 dinc
230 4316 344 4376 aucae,
372 4308 430 4363 basi
455 4311 537 4365 valde
561 4313 720 4385 inaequales
743 4323 777 4370 et
797 4313 933 4387 profunde
956 4314 1170 4380 semisurdatee,
1198 4327 1283 4382 supra
1304 4309 1368 4380 pilis

142 4380 259 4436 stellatis
275 4379 375 4451 paucis
391 4378 618 4451 hirsutiusculae,
643 4385 740 4440 subtus
756 4387 784 4440 iu
803 4401 896 4507 ηεῖἶιι
913 4385 1029 4440 stellulis
1048 4383 1219 4456 paucissimis
1237 4395 1368 4449 consper-

876 4489 887 4520 2

143 4467 205 4518 see,
220 4449 290 4512 ¹sire
309 4449 526 4521 glabriusculae,
545 4449 592 4506 9-3
610 4455 654 4508 lin.
675 4455 788 4526 longae,
807 4455 835 4508 i·
907 4456 954 4511 lin.
972 4455 1055 4510 latae.
1093 4452 1218 4508 Racemr'
1235 4450 1368 4521 appositi·
