3070 4876
539 235 924 306 ---29”Ι--

120 419 149 482 4.
204 415 549 502 (iomesperma
568 417 953 490 iinarlaefolium
978 419 1153 504 orninga.
1174 440 1253 487 mss.

206 519 244 586 C.
267 519 419 604 glabrum
432 517 490 586 vel
505 519 602 586 caule
617 519 788 586 levissime
803 519 1011 606 puberulum‚
1033 517 1124 586 foliis
1139 520 1345 588 corrsertissi-

89 637 91 639 ·
119 604 182 670 mis
214 603 461 671 subimbricatis
494 604 677 696 linearibus
704 606 906 673 mucronatis
942 605 1016 670 basi
1043 605 1172 671 obtusis
1198 609 1346 692 margine
1388 623 1395 640 ·

119 699 212 754 arcte
241 688 420 767 revolutis,
447 687 588 755 lloribus
616 691 800 756 racemosis
827 691 1016 776 congestis,
1044 690 1221 775 pedicellis
1242 691 1347 760 flores

119 776 224 839 subae
250 775 422 852 nantibus,
452 776 597 841 bracteis
626 776 765 841 minimis
795 777 903 840 acutis
931 776 1126 842 intermedia
1153 774 1346 844 lateralibus

120 796 413 946 duploqlongiore,
436 860 525 954 stylo
548 860 644 944 apice
668 860 863 927 brevissime
883 859 1008 931 bilobo.

251 964 472 1064 conceperam
493 966 709 1046 linariaesotr’a
732 961 933 1049 Canningh.!
962 983 1042 1030 mss.
1070 962 1103 1028 in
1130 962 1225 1028 herb.
1252 962 1347 1048 regio

206 1046 473 1216 Belldldlllplglma
494 1137 640 1216 conserto
661 1133 792 1198 herbar.
815 1131 942 1198 Bauer!
964 1135 1045 1215 (non
1067 1131 1203 1214 Labill.)

118 1309 138 1358 B
189 1237 250 1374 aa}
275 1238 410 1372 a)n0vae
430 1239 575 1288 narrandae
599 1253 644 1289 ora
668 1239 915 1288 surtran-orama.
938 1235 1121 1300 strangian!
1148 1235 1247 1302 unger!
1270 1215 1346 1292 seru

141 1322 210 1358 allel'.
243 1324 266 1362 V.
284 1325 303 1360 Ι.

189 1392 305 1463 Species
329 1395 501 1450 antecedenti
525 1393 667 1467 proxima,
691 1401 718 1448 et
743 1391 838 1448 forsan
861 1393 899 1446 nil
923 1391 975 1448 cisi
999 1392 1058 1448 e'us
1082 1393 1212 1448 varietas.
1255 1392 1346 1452 Quum

119 1477 187 1516 vero
206 1463 363 1534 capsulam,
383 1482 454 1534 qnae
471 1465 566 1520 forsan
585 1461 752 1519 differentias
770 1463 930 1518 essentiales
949 1411 1079 1518 exhilere
1097 1471 1208 1537 posset,
1227 1464 1346 1518 nondum
1380 1491 1384 1510 ι

119 1532 249 1599 viderim,
277 1540 304 1587 et
345 1551 408 1589 uum
433 1535 529 1606 planta
552 1551 653 1590 revera
675 1533 798 1588 habitum
821 1532 905 1588 valde
931 1533 1097 1603 peculiarem
1120 1551 1187 1605 praa
1211 1551 1242 1590 se
1266 1532 1346 1601 ierat,

120 1601 245 1671 equidem
263 1551 479 1674 conlaesitavi,
501 1621 561 1660 eam
580 1614 609 1660 ut
627 1605 769 1675 propriam
787 1604 909 1674 speciem
926 1603 971 1658 lric
989 1621 1158 1673 enumerare,
1177 1621 1211 1660 eo
1229 1605 1347 1671 nomine,

119 1673 170 1727 sub
189 1689 243 1796 glun
262 1674 289 1726 in
307 1673 435 1730 herbario
453 1676 530 1745 regio
547 1673 723 1730 Berolineusi
741 1683 910 1728 asservatur.

216 1753 264 1798 ota
287 1744 384 1814 planta
407 1747 492 1800 multo
517 1745 632 1816 rigidior
651 1753 700 1799 est.
739 1743 840 1798 Caralis
878 1751 922 1796 ost
940 1740 1068 1796 loliorum
1086 1743 1196 1814 lapsum
1215 1742 1346 1796 cicatrici·

118 1811 171 1866 bus
195 1813 356 1869 densissime
379 1815 483 1871 obsitus
511 1825 560 1870 est.
602 1812 785 1884 Projecturae
816 1761 902 1867 multo
927 1813 1012 1884 magis
1057 1815 1191 1868 nominent
1215 1829 1296 1881 quam
1320 1813 1347 1866 in

119 1883 212 1953 specie
234 1885 434 1955 praecedente,
459 1884 508 1940 scd
532 1901 619 1954 aeque
643 1885 763 1938 breviter
788 1883 945 1938 decurrunt.
982 1831 1071 1938 Folia
1094 1882 1241 1952 breuiora,
1266 1881 1346 1936 3lin.

118 1953 218 2024 longa,
242 1956 380 2010 rarissime
399 1952 447 2027 3¹s,
467 1955 513 2011 lin.
532 1956 682 2023 excedunt,
699 1954 761 2010 basi
780 1955 938 2022 obtusiora,
957 1953 1078 2024 margine
1096 1947 1182 2007 mdlto
1201 1954 1287 2023 magis
1305 1969 1347 2007 re·

118 2023 231 2092 voluta,
248 2025 349 2080 lineam
366 2027 413 2080 vix
432 2027 504 2090 lata,
521 2026 550 2080 in
568 2025 648 2081 caule
666 2026 803 2094 ramisque
822 2025 981 2079 densissime
1000 2021 1134 2092 conferta,
1153 2023 1349 2078 subimbricata

118 2109 245 2148 racemos
271 2096 428 2150 terminales
450 2096 593 2166 attingunt.
629 2095 780 2150 Praeterea
802 2099 919 2150 racemi
940 2094 1081 2148 densiores
1121 2095 1211 2158 orati,
1236 2102 1262 2148 et
1284 2103 1347 2148 ante

120 2162 246 2218 anthesin
269 2164 355 2218 multo
380 2167 519 2219 acutiores
547 2174 618 2220 sunt.
654 2164 803 2220 Pedicelli
819 2163 889 2218 llore
909 2164 1068 2235 plerumque
1085 2135 1243 2230 irreviores,
1265 2163 1348 2217 trin.

120 2233 204 2304 longi.
242 2231 346 2290 Floras
368 2233 486 2308 272&ss
513 2236 560 2288 lin.
589 2236 663 2306 longi
691 2235 840 2308 saturatius
866 2235 940 2288 rosei
964 2231 1104 2302 videntur,
1132 2242 1271 2288 caeterum
1297 2249 1348 2286 nec

120 2302 210 2358 torma
228 2321 278 2358 nec
296 2313 402 2358 statura
421 2303 555 2360 differunt.
591 2305 718 2376 Reliqua
729 2305 819 2359 omnia
838 2312 868 2358 ut
885 2304 912 2360 in
931 2303 1130 2376 praecedente,
1154 2304 1204 2359 sed
1222 2303 1348 2377 capsula

119 2375 147 2428 in
166 2373 291 2430 omnibus
309 2372 519 2447 speciminibus,
537 2393 607 2446 quae
626 2382 790 2448 suppetunt,
810 2375 990 2430 desideratur.

120 2525 150 2590 5.
204 2523 548 2610 comcspcrma
569 2523 809 2593 ericinam
831 2523 901 2590 120.

206 2625 244 2694 G.
265 2627 418 2714 glabrum
438 2626 496 2692 vel
516 2625 717 2711 asperulnm,
740 2622 829 2691 loliis
851 2621 982 2708 sparsis
1003 2633 1144 2710 anguste
1165 2623 1348 2690 linearibus

119 2712 322 2779 abbreviatis
356 2711 561 2779 mucronatis
590 2711 739 2797 margine
772 2709 954 2788 revolutis,
991 2708 1132 2776 floribus
1163 2709 1348 2775 racemosis

118 2797 221 2877 laxis,
248 2799 425 2884 pedicellis
445 2795 550 2864 flores
573 2795 875 2884 subsequentibus,
904 2795 1052 2862 bracteis
1073 2795 1204 2860 minutis
1226 2794 1348 2858 acumi-

118 2884 206 2949 natis
248 2884 443 2950 intermedia
480 2882 677 2948 lateralibus
715 2880 815 2964 duplo
854 2881 1005 2965 longiore
1043 2881 1194 2946 omnibus
1228 2879 1349 2944 diutius

119 2969 390 3118 pglrsistentibus,
418 2967 507 3053 stylo
530 2965 848 3051 apice-brevissime
870 2964 999 3043 bilobo,
1026 2965 1207 3030 seminibus
1229 2983 1348 3030 carun·

121 3075 142 3120 c
179 3056 252 3119 atis.

252 3157 474 3238 Oomecperma
496 3155 616 3216 ericina
638 3147 725 3217 DQ!
746 3150 861 3235 prodr.
884 3148 924 3214 T.
947 3150 977 3214 l.
999 3171 1031 3233 p.
1054 3147 1119 3214 334
1140 3149 1203 3215 No.
1219 3150 1248 3218 4.

252 3241 472 3322 Comespcrma
493 3242 638 3320 conserta
665 3235 765 3304 Herb.
787 3232 913 3321 Hiigell
948 3239 988 3319 (e
1009 3233 1109 3302 Nova
1130 3233 1218 3302 Holl.
1241 3233 1348 3302 orien-

206 3323 283 3401 tali,
303 3345 370 3390 non
387 3323 523 3404 Labill.)
794 3379 797 3382 .
1142 3389 1146 3397 ,

253 3412 474 3494 Comespcrma
494 3409 687 3472 tardiusculo
708 3407 803 3472 herb.
825 3406 950 3473 Bauer!
974 3409 1055 3489 (non
1075 3403 1164 3486 DC.)
1219 3447 1227 3454 -

251 3497 407 3580 Polygalc
428 3497 567 3557 Baalecir‘
586 3493 688 3558 Herb.
710 3491 868 3578 Jacquint

252 3581 363 3644 Sieder
383 3582 468 3645 berb.
492 3581 574 3644 Non.
595 3578 682 3642 Holl.
704 3577 769 3645 No.
792 3577 872 3644 364!

192 3687 254 3740 Hab.
274 3671 298 3736 in
317 3687 405 3736 Norae
422 3685 570 3736 Hollandiae
588 3667 632 3733 ora
648 3683 890 3745 australi-orientali,
909 3677 1084 3744 BotanyssBay,
1103 3679 1280 3732 Part-Jackson
1299 3686 1347 3734 etc.

122 3759 143 3808 F
144 3757 194 3810 erd.
214 3755 307 3808 Bauer!
326 3757 429 3806 Sieber!
448 3753 543 3818 Hdgol!
563 3759 591 3804 et
605 3756 631 3802 in
648 3755 728 3804 insula
746 3768 793 3802 rau
810 3754 919 3809 Diemen,
940 3750 1036 3802 Goon!
1054 3753 1091 3816 (v.
1109 3751 1144 3814 s.)

192 3841 324 3898 Proxime
342 3840 451 3912 quidem
476 3839 585 3894 accedit
608 3838 645 3893 ad
663 3838 771 3910 species
789 3838 860 3892 duas
879 3835 1086 3902 antecedentes,
1112 3836 1264 3892 certissime
1281 3853 1349 3892 vero

123 3911 243 3994 speciem
266 3913 408 3982 propriam
432 3910 552 3967 exhibet.
587 3909 652 3964 Jam
676 3910 765 3980 prima
788 3908 859 3962 facie
877 3907 1064 3976 distinguitur:
1087 3905 1162 3960 foliis
1185 3906 1270 3962 multo
1289 3907 1349 3962 bre·

123 3978 260 4048 vroribus,
283 3984 399 4036 racemis
423 3981 627 4051 angustioribus
649 3979 804 4034 laxioribus
827 3979 935 4032 demum
958 3977 1041 4032 valde
1060 3977 1207 4049 elongatis,
1232 3977 1350 4034 floribus

123 4051 340 4122 angustioribus,
360 4060 387 4106 et
403 4053 523 4108 bracteis
541 4052 664 4136 angustis
682 4050 843 4104 acuminatis
862 4048 947 4102 multo
965 4048 1067 4102 diutius
1085 4049 1303 4118 persistentibus.

181 4119 297 4174 ‘Frutcx
321 4122 416 4175 elutus.
455 4121 556 4177 Caelis
578 4121 682 4177 inferne
707 4121 831 4174 crassitie
852 4135 959 4190 pennae
976 4119 1135 4187 anserinae,
1157 4119 1241 4174 valde
1259 4135 1349 4172 ramo·

123 4209 180 4258 sus,
199 4198 282 4258 teres,
301 4191 472 4248 cicatricibus
489 4193 595 4264 sparsis
613 4191 741 4259 munitus,
760 4199 787 4244 et
803 4189 927 4246 verrucis
945 4190 1060 4244 minimis
1079 4189 1232 4260 asperulus.
1261 4188 1351 4242 Folia
1414 4243 1417 4254 ,

122 4261 140 4313 3
158 4262 237 4316 lineis
256 4260 394 4316 rarissime
410 4262 546 4333 longiora,
568 4262 734 4317 semilineam
751 4263 817 4330 lata,
837 4261 935 4332 rigida,
954 4267 1046 4328 acuta,
1064 4259 1274 4330 subpungentia,
1292 4256 1349 4326 gla-

124 4331 188 4400 bra,
206 4333 252 4387 vel
270 4331 406 4388 interdum
423 4333 518 4387 setulis
534 4332 701 4388 brevissimis
719 4331 858 4404 asperula,
876 4331 997 4402 margine
1015 4330 1152 4396 revoluta,
1170 4328 1266 4382 subtus
1285 4341 1349 4378 con-

124 4403 240 4469 colaria,
259 4419 360 4474 sparsa
376 4402 423 4457 vel
441 4402 626 4471 subconlerta,
644 4402 694 4457 scd
713 4419 849 4472 nunquam
867 4400 1069 4457 confertissima
1087 4406 1116 4453 at
1135 4399 1160 4452 in
1182 4397 1349 4467 Gomcspcr-

123 4481 205 4530 mate
224 4473 440 4546 linariaefolt'a·
478 4471 606 4530 Recenti
621 4475 648 4528 in
667 4475 746 4547 apice
763 4473 930 4528 ramulorum
949 4469 1113 4535 terminales,
1134 4464 1349 4536 l-‘l-pollicaras‚
