3070 4876
534 277 544 294 0

165 375 287 443 linense,
315 373 469 431 herbarium
498 377 548 433 cel.
576 375 781 445 Willdenowii,
808 375 964 432 herbarium
990 372 1146 428 Palatinum
1170 370 1392 438 vindobonense,

166 463 237 514 quae
262 445 418 500 liberalitati
437 456 464 501 et
481 446 752 503 benevolentiae'cll.
772 448 893 501 virorum
912 443 1045 500 Klotusch
1064 453 1091 498 et
1109 442 1193 496 Fenzl
1211 442 1315 510 debeo,
1334 443 1392 512 qui-

165 516 216 569 bus
235 514 280 568 lric
299 515 402 586 gratias
421 533 474 588 ago
492 534 573 586 quam
592 519 738 585 maximas,
757 516 822 571 milri
841 517 968 586 contigit,
987 514 1137 586 specimina
1156 513 1313 568 authentica
1332 513 1391 584 plu-

165 587 294 639 rimarum
318 587 470 657 specierum
495 587 694 657 descriptarum
724 603 902 658 comparare,
932 603 982 641 uec
1009 602 1064 640 non
1089 585 1197 656 species
1220 583 1324 652 aliquot
1346 582 1392 638 vel

165 673 253 710 novas
266 656 311 710 vel
329 656 448 710 nondum
462 657 614 729 descriptas
628 659 793 726 examinare,
812 674 897 726 quare
911 667 1025 712 conatus
1039 673 1107 722 sum,
1125 655 1152 707 in
1171 671 1256 725 genus
1268 661 1391 707 nostrum

165 725 259 796 paullo
289 725 374 780 lusius
401 728 555 798 inquirere,
587 727 661 798 quod
689 745 821 782 conamen
847 729 981 782 lectorum
1008 725 1191 796 indulgentiae
1218 739 1391 794 summopere

165 797 421 853 commendaverim.
613 852 619 862 ,

164 935 182 988 d
235 865 387 990 Clppracter
410 868 534 938 generis,
557 868 664 940 species
689 885 744 924 non
763 867 814 924 nisi
833 865 1054 921 dustralasiacas
1073 863 1276 936 amplectentis,
1303 881 1391 921 emen·

184 944 245 990 atus
284 938 308 990 ic
327 939 392 992 erit:

292 1064 634 1162 (lomesperma
656 1065 779 1127 laetu:
792 1063 812 1131 l.
837 1084 866 1129 a.
890 1065 1050 1126 Bestiam
1070 1061 1093 1128 l.
1116 1081 1146 1127 e.

252 1167 352 1246 Calpe
374 1167 409 1229 5·
432 1165 504 1229 sive
526 1164 712 1250 dsepalus,
733 1165 909 1240 deciduus3
932 1168 1044 1248 seperta
1062 1165 1082 1228 3
1104 1165 1177 1230 sive
1193 1166 1212 1228 2
1229 1167 1392 1228 exteriora

162 1271 280 1334 parva,
302 1271 368 1315 rrno
389 1252 537 1333 postico,
558 1271 624 1316 uno
646 1251 718 1316 sive
742 1251 872 1315 duobus
894 1251 1023 1328 enticis,
1046 1252 1066 1314 2
1088 1253 1242 1313 interiora
1263 1251 1392 1335 majora

163 1333 354 1419 petaloidea
383 1333 588 1402 alaeformia.
635 1338 778 1400 Coroliae
805 1339 920 1418 petala
946 1335 966 1399 3
995 1335 1179 1418 (rarissime
1202 1339 1255 1418 5),
1284 1334 1390 1420 hypo·

164 1439 264 1504 gyna,
287 1420 451 1484 mediante
474 1422 557 1486 tubo
576 1421 738 1487 stamineo
760 1421 888 1486 inferne
911 1419 1045 1497 coalita,
1066 1420 1224 1485 decidua:
1247 1421 1391 1485 anticum

163 1524 335 1588 magnum,
359 1506 722 1590 concavo-galeatum,
745 1505 904 1591 genitalia
926 1505 1116 1584 includens,
1138 1506 1269 1590 postica
1291 1506 1311 1568 2
1333 1507 1391 1586 ob·

164 1589 281 1674 longa,
312 1591 501 1672 (rarissime
529 1590 684 1656 lateralia
712 1593 731 1654 2
760 1591 882 1658 minuta
911 1592 1137 1672 accessoria).
1184 1591 1331 1654 Stamina
1352 1591 1390 1666 83

155 1678 329 1759 filamauta
349 1677 382 1740 in
405 1677 517 1740 tubum
539 1677 732 1743 stamineum
753 1677 882 1760 postica
896 1675 1021 1754 fissum,
1044 1677 1152 1742 medio
1169 1687 1265 1741 tenus
1279 1696 1391 1740 mona·

165 1759 321 1842 delphum
350 1772 512 1839 connata,
542 1783 646 1846 supra
672 1762 814 1828 medium
843 1761 917 1827 sive
939 1760 1138 1846 diadelpha‚
1168 1763 1240 1827 sive
1267 1761 1390 1838 libera3

165 1849 321 1909 antherae
336 1846 410 1912 basi
429 1845 563 1925 affixae,
586 1857 732 1924 erectae,
754 1846 990 1924 uniloculareS‚
1007 1848 1103 1930 apice
1118 1862 1202 1930 poro
1219 1847 1391 1912 dehiscen-

164 1942 227 1996 tes,
275 1933 426 1996 Ouariam
448 1953 468 1996 a
489 1931 596 1997 latere
617 1952 856 2017 compressum,
878 1931 1077 2009 biloculare3
1101 1936 1194 1996 acala
1215 1933 1248 1996 in
1269 1932 1391 1998 loculis

165 2015 334 2093 solitaria,
358 2037 379 2080 a
400 2015 626 2099 dissepimenti
648 2019 745 2102 apice
766 2017 921 2100 pendula.
969 2018 1079 2101 Sepias
1100 2017 1293 2094 terminalis,
1315 2039 1391 2083 ver·

166 2120 225 2164 sus
254 2101 385 2184 apicem
412 2102 636 2180 incrassatus,
664 2103 846 2169 lateraliter
872 2123 1101 2187 compressus,
1131 2114 1304 2182 curvatus,
1333 2105 1390 2168 de·

166 2186 301 2264 ciduus,
335 2187 432 2271 apice
460 2189 532 2253 sive
560 2189 757 2254 brevissime
789 2188 941 2268 bilobus,
974 2189 1046 2255 sive
1078 2189 1221 2254 bicruris
1230 2211 1239 2265 3
1273 2193 1391 2273 stigma

166 2271 347 2338 terminale·
395 2275 535 2360 Capsuia
556 2295 768 2356 compressa,
791 2274 1294 2358 membranacea,spathulas,
1316 2294 1391 2338 ver·

167 2377 226 2421 sus
264 2358 360 2421 basin
400 2359 432 2421 in
472 2358 615 2440 stipitem
656 2369 825 2423 attenuata
866 2361 1056 2440 (rarissime
1095 2357 1392 2432 suburbicularis),

168 2441 381 2520 bilocularis‚
417 2444 566 2526 margine
601 2442 780 2508 loculicide
817 2442 1006 2510 dehiscens.
1062 2445 1192 2520 Sannina
1225 2442 1258 2503 in
1294 2440 1391 2523 apice

166 2525 351 2590 loculorum
380 2527 546 2605 solitaria,
574 2528 736 2610 pendula,
767 2527 845 2612 pilis
872 2527 1074 2611 longissimis
1104 2524 1293 2608 (rarissime
1314 2525 1391 2590 bre·

117 2664 119 2668 ,
167 2611 316 2688 vibus),
360 2613 531 2688 comesis,
575 2613 730 2676 deorsum
773 2613 1000 2694 spectantibus
1043 2611 1186 2694 undique
1235 2607 1393 2674 involuta.

169 2697 308 2776 Embr'yo
333 2695 366 2758 in
389 2697 444 2760 axi
463 2695 637 2760 albuminis
658 2694 888 2781 mucilaginosi
912 2695 1141 2778 orthotropus3
1171 2695 1316 2757 radicula
1343 2704 1392 2760 te·

169 2780 365 2858 retiuscula,
389 2782 517 2858 breviS,
542 2801 675 2864 supera.

238 2881 379 2938 Plurimae
397 2883 504 2954 species
522 2881 672 2939 fruticosae
685 2885 744 2940 sive
757 2881 947 2938 suffruticosae
965 2892 1037 2949 sunt,
1056 2899 1163 2954 paucae
1176 2881 1393 2952 subherbaceae‚

171 2969 264 3006 omnes
282 2971 350 3008 vero
368 2955 473 3009 radice
490 2955 602 3025 perenni
619 2955 778 3010 instructae.

243 3021 343 3080 Gauiis
367 3025 527 3095 plerumque
546 3034 668 3093 erectus,
692 3042 833 3091 ramosus,
857 3040 922 3078 raro
940 3025 1070 3096 simplex,
1094 3025 1121 3078 in
1139 3025 1236 3095 paucis
1253 3024 1392 3092 volubilis,

171 3092 232 3146 aliis
251 3092 352 3164 plantis
370 3106 553 3164 sustentatus,
572 3097 631 3152 sive
649 3097 784 3152 scandens
803 3096 862 3150 sive
879 3096 933 3148 imo
952 3103 1117 3166 prostratus,
1135 3095 1163 3148 in
1182 3096 1304 3150 omnibus
1322 3104 1392 3150 tere-

170 3163 316 3232 tiusculus,
340 3164 402 3235 plus
420 3166 543 3222 minusve
561 3167 809 3234 striato-sulcatus,
829 3173 857 3220 ut
877 3165 1001 3222 lurimum
1019 3165 1124 3220 inlerne
1142 3166 1315 3221 cicatricibus
1333 3165 1393 3220 sive

170 3232 335 3305 projecturis
354 3244 418 3306 post
435 3235 562 3290 foliorum
580 3237 687 3308 lapsum
706 3184 912 3308 persistentibus
931 3244 958 3290 et
976 3236 1181 3292 decurrentibus
1200 3236 1313 3304 obsitus,
1333 3235 1393 3290 sive

170 3320 236 3357 raro
256 3305 364 3358 omnino
382 3306 486 3373 nudus,
506 3323 624 3376 superne
643 3324 702 3360 cum
722 3311 817 3361 ramis
834 3307 995 3377 plerumque
1013 3307 1159 3378 angulatas
1177 3314 1227 3362 est.

241 3372 331 3429 Folia
353 3375 381 3428 in
399 3377 523 3430 omnibus
549 3377 693 3446 speciebus
712 3378 833 3444 sessilia,
856 3377 900 3430 vel
923 3377 1083 3432 brevissime
1102 3378 1248 3448 petiolata,
1272 3376 1392 3443 asstipu-

171 3443 245 3513 lsta,
271 3445 391 3513 alterna,
417 3447 576 3516 plerumque
595 3446 732 3515 conferta,
750 3448 782 3500 -in
808 3447 902 3517 paucis
920 3463 1019 3518 sparsa
1037 3456 1064 3500 et
1087 3463 1169 3515 rara,
1194 3463 1303 3517 semper
1326 3445 1394 3498 inte-

171 3515 302 3586 gerrirua,
333 3516 531 3583 crassiuscula,
553 3518 666 3584 aucuia,
690 3517 849 3588 saepissime
872 3518 1014 3572 uniuervia
1038 3525 1065 3572 et
1088 3526 1231 3590 punctata,
1256 3515 1395 3569 rarissime

171 3585 399 3640 bracteselormia
421 3595 499 3654 suut,
524 3591 662 3640 caeteruin
686 3589 765 3641 varia
792 3586 889 3642 forma.
930 3585 1097 3657 Plerumque
1119 3587 1282 3659 projectus-is
1308 3584 1395 3639 caulis

170 3655 378 3778 persistentibus
402 3656 533 3725 insident,
559 3674 619 3712 curm
643 3657 741 3712 iisdem'
758 3658 917 3725 articulata,
943 3659 1080 3714 rarissime
1098 3658 1125 3710 in
1144 3656 1396 3726 caulemcoutinue

190 3734 333 3793 ocurrunt,
351 3727 410 3780 sive
428 3726 488 3781 basi
506 3744 566 3781 cunr
586 3729 689 3782 cortice
707 3728 816 3782 omnino
834 3737 964 3783 concreta
981 3737 1052 3782 sunt.

242 3794 346 3850 Floras
368 3796 395 3849 iu
417 3799 496 3867 apice
520 3798 687 3856 ramulorum
714 3799 872 3870 plerumque
895 3797 1045 3864 racemosi,
1061 3795 1113 3850 'vel
1138 3811 1201 3847 raro
1226 3795 1395 3866 corymbosi,

170 3864 291 3920 breviter
315 3866 485 3937 pediceliati,
517 3867 611 3922 colore
633 3886 715 3923 roseo
739 3871 798 3923 sive
822 3869 949 3924 violaceo
974 3867 1032 3921 sive
1057 3864 1202 3932 caeruleo,
1229 3882 1294 3918 raro
1318 3866 1396 3918 luteo

169 3935 298 3992 adornati
317 3945 386 3992 sunt.
423 3937 453 3992 lu
472 3938 552 3991 unica
569 3939 662 4009 speeie
680 3940 829 4008 solitarios,
848 3937 987 4005 axillares,
1006 3935 1125 4004 sessiles,
1144 3939 1225 3990 secus
1243 3935 1348 3990 caulem
1367 3944 1397 3990 et

170 4023 264 4062 ramos
283 4023 297 4060 s
318 4007 401 4061 araim
419 4007 462 4062 dis
483 4008 570 4064 ositos
588 4009 652 4064 virli.

241 4075 287 4132 Pe
309 4077 389 4132 icelii
412 4025 537 4146 unidori,
562 4077 623 4132 basi
647 4078 799 4146 articulati,
823 4079 903 4149 apice
927 4076 1080 4147 paullisper
1102 4076 1262 4144 incrassati,
1289 4082 1396 4130 erecto·

171 4147 271 4220 patuli,
296 4148 470 4218 utplurimum
488 4147 657 4218 glaberrlmi,
681 4149 808 4205 bracteis
826 4147 949 4202 deciduis
967 4147 1066 4208 tribus,
1088 4162 1153 4200 raro
1172 4146 1397 4216 subaequalibus,

173 4218 332 4290 plerumque
357 4217 464 4272 duabus
490 4217 649 4273 lateralibus
671 4219 884 4275 membranaceis
907 4217 1034 4285 minimis,
1062 4217 1222 4271 intermedia
1245 4217 1344 4271 latiore
1368 4224 1398 4270 et

172 4287 292 4357 majore,
309 4288 445 4342 interdum
463 4288 545 4343 valde
565 4288 706 4360 elongata,
724 4289 913 4344 subherbacea
930 4287 1023 4359 stipati
1041 4295 1111 4343 sunt.

245 4357 361 4430 Galatis
382 4357 488 4432 sepulc
507 4365 659 4416 eatatora
688 4360 747 4414 sive
776 4361 829 4415 tria
853 4359 1047 4428 subaequalis,
1071 4367 1169 4428 ovata,
1191 4357 1254 4428 plus
1272 4355 1398 4411 minusve

175 4429 291 4497 obtusa,
314 4445 412 4500 nempe
430 4428 487 4484 duo
511 4431 602 4486 antica
620 4439 648 4486 et
665 4445 746 4484 uuum
770 4431 919 4501 posticum,
942 4430 1001 4486 sive
1020 4429 1075 4484 duo
1099 4428 1267 4498 inaequalia,
1290 4425 1399 4481 scilicet
