3102 4882
572 251 961 328 ....91—

71 468 84 488 .
165 434 220 489 scis
247 422 411 492 iiistantibus
438 437 466 492 in
492 435 575 491 culmi
600 434 784 506 foliorumque
814 435 980 508 marginibus
1006 435 1121 510 simplici
1148 439 1219 493 serie
1245 437 1396 511 dispositis.

164 504 265 562 Planta
282 509 411 578 speciosa
449 507 587 578 bipedalis
602 509 633 561 'et
651 507 748 575 altior,
766 505 971 562 inflorescentia
987 505 1161 580 semipedali,
1183 511 1211 564 in
1227 511 1330 566 nostris
1347 510 1396 577 (aa

90 583 92 587 '
165 577 244 662 casu}
263 585 385 664 nutantp.
410 549 555 664 &picariae
572 577 736 647 mediocres,
749 590 866 648 opacae,
884 576 988 646 iuscae,
1006 577 1126 646 squamis
1144 580 1396 650 resinosa-scabris,

165 655 270 720 ovatus,
286 647 345 700 3-4
364 647 538 702 inferioribus
556 648 830 717 mucronato-acutis,
848 647 883 698 4-
901 648 947 704 vel
964 643 1025 700 5-8
1042 649 1212 704 acuminatis.
1234 659 1267 717 tt.

165 749 211 824 7.,
249 749 628 854 [tepidosperma
657 749 956 822 fimbriatum
1002 749 1045 816 N.
1085 753 1125 816 ab
1161 754 1204 815 Ε.
1239 752 1398 837 panicula

79 866 81 871 ·
250 847 425 904 coarctata
450 837 593 923 simplici
620 847 778 924 angusta,
809 835 913 902 ramis
941 834 1079 904 alternis
1108 833 1323 904 inferioribus
1349 837 1396 904 ui-

251 923 430 1001 stantibus‚
462 923 601 1008 spiculis
628 922 767 1001 fucatis,
803 923 913 989 culmo
940 921 1043 1006 plano
1070 920 1226 1008 foliisque
1248 915 1420 1008 margine

162 1011 167 1019 '
251 1006 589 1075 setuloso-iimbriatis
609 1009 760 1094 asperis,
784 1009 921 1074 basibus
942 1006 1093 1073 viscidis.

164 1183 197 1232 Pr
213 1183 219 1196 .
234 1113 262 1162 In
273 1113 422 1234 lpegioppipps
439 1113 600 1164 interioribus
616 1114 757 1166 Australiae
775 1111 1111 1171 meridionali-occidentalis,
1129 1111 1195 1164 Nou.
1215 1113 1293 1162 1840.
1319 1113 1395 1166 lietb.

197 1197 254 1234 ersa.
299 1199 323 1235 ο.
413 1222 420 1237 .

234 1267 365 1338 Spioniae
382 1268 462 1322 nimis
476 1266 615 1338 juveniles
632 1273 695 1324 sunt
716 1276 744 1324 et
760 1266 958 1339 incompletae,
1029 1267 1098 1324 amis
1115 1266 1174 1326 iere
1192 1265 1324 1325 distichis.
1359 1267 1398 1326 At

163 1353 232 1394 vero
250 1346 368 1424 propter
385 1355 517 1394 summam
537 1356 599 1394 cunr
617 1337 897 1413 Leptdoepermatta
913 1342 988 1394 auct
1009 1343 1022 1394 t
1043 1339 1170 1410 diagnosl
1192 1338 1396 1412 congruentiam

51 1430 64 1454 ι
114 1433 120 1440 ·
163 1405 218 1464 buc
236 1409 325 1478 retuli,
344 1407 446 1480 quippe
465 1426 546 1479 quae,
564 1409 616 1464 nisi
634 1409 750 1464 scabros
769 1419 872 1466 tantum
890 1426 941 1464 nec
959 1406 1093 1480 hispidos,
1112 1419 1142 1466 ut
1160 1409 1308 1476 debuisset,
1326 1409 1396 1464 desi·

164 1486 260 1550 gnaret
277 1478 403 1534 loliorum
422 1488 449 1533 et
468 1479 595 1535 onimium
613 1480 758 1552 margines,
776 1479 824 1538 vix
843 1478 925 1534 aliam
944 1487 1026 1549 atque
1045 1477 1116 1534 banc
1133 1487 1256 1536 nostram
1274 1479 1396 1555 plantam

164 1547 341 1621 significaret.

235 1619 382 1674 Rbtcoma
400 1635 513 1691 repens,
532 1635 717 1690 squamosum.
754 1619 888 1675 Bractca
905 1618 1020 1675 inferior
1038 1619 1167 1690 panicula
1183 1617 1305 1691 longior,
1323 1612 1396 1674 loliis

164 1688 319 1747 conformis.
357 1688 511 1762 Squamae
528 1691 651 1764 apiculae
670 1689 945 1762 purpureo-insane,
963 1691 1121 1759 resincsee,
1139 1698 1251 1758 acutae,
1270 1689 1396 1758 scabrae,

164 1760 224 1816 basi
242 1759 355 1832 pallida.
393 1760 513 1834 Stiyma
530 1760 660 1815 trifidum.
697 1757 883 1816 staminas.
923 1770 956 1829 tt.

47 1961 51 1968 ,
162 1881 195 1948 8·
246 1882 625 2033 Lepidoslrermtt
650 1878 893 1952 viscldum
921 1880 1019 1943 ianr.
1047 1879 1204 1966 panionia
1225 1887 1398 1944 coarctata

249 1967 334 2052 simp
348 1968 409 2048 ici,
437 1967 540 2034 ramis
568 1966 772 2052 spiculisque
801 1963 962 2031 consertis
987 1963 1129 2046 fucatis,
1158 1964 1267 2030 culmo
1318 1962 1396 2029 lano

249 2047 406 2139 foliisque
428 2054 577 2138 margine
606 2052 755 2128 scabris,
781 2051 921 2117 basibus
942 2051 1091 2116 viscidis.
1133 2049 1257 2116 Brown
1308 2049 1397 2116 rodr.

247 2139 421 2285 plaglissi.
465 2137 555 2286 Oppi
576 2136 697 2286 ed.8N.
719 2137 763 2200 ab
785 2135 824 2198 E.
845 2135 899 2198 iii.
924 2137 951 2199 i.
972 2155 1051 2222 pag.
1071 2135 1125 2202 90.
1147 2156 1180 2199 n.
1201 2136 1231 2200 8.
1273 2131 1397 2200 Kanth.

279 2241 311 2286 n.
364 2241 470 2306 ‚pag
557 2241 618 2284 .n.
663 2265 672 2284 .

234 2327 262 2376 ln
280 2326 334 2376 scio
352 2325 608 2388 sublimem-lapidoso
626 2326 691 2374 inter
709 2323 812 2374 frutices
828 2325 919 2374 montis
936 2289 1071 2384 Clareuce,
1089 2323 1268 2386 Plantagenet‚
1294 2325 1354 2376 Dec.
1373 2340 1397 2380 a.
1453 2373 1455 2376 .

166 2395 243 2447 1840.
279 2397 359 2446 Herb.
373 2397 466 2446 Prelss.
483 2397 530 2448 No.
553 2397 631 2460 1166.
746 2425 747 2430 =

233 2482 259 2535 A
278 2481 547 2556 Lepidospermate
564 2479 684 2536 Staberi
699 2478 803 2534 Kuntb.
821 2480 943 2604 inprimis
961 2477 1052 2534 differt
1074 2478 1165 2533 culmo
1182 2477 1310 2551 iolilsqna
1326 2496 1397 2534 mar·

164 2551 225 2623 gine
252 2552 481 2606 tuberculum-as
503 2551 608 2606 errimis
631 2567 719 2621 neque
744 2567 844 2623 aspera
857 2551 880 2604 is
904 2557 1017 2605 tautum.
1054 2547 1167 2604 (luimus
1188 2548 1264 2604 baud
1288 2551 1397 2605 omnino

164 2621 263 2692 planus
287 2631 317 2676 ut
340 2624 368 2677 in
392 2621 472 2708 lepi
492 2630 661 2747 aspernante
681 2620 850 2692 fimbriato,
879 2629 999 2676 attamen
1022 2621 1147 2691 utrinque
1173 2621 1309 2678 lenissime
1332 2640 1397 2676 con·

129 2697 132 2702 “
164 2693 296 2761 vexabis,
321 2692 390 2748 solia
415 2692 478 2747 bruc
504 2710 601 2765 pana,
625 2691 689 2746 inde
712 2693 876 2748 convexuia.
913 2691 1019 2748 Vereor
1043 2701 1148 2760 autern,
1171 2701 1202 2747 ut
1222 2691 1293 2746 baec
1316 2693 1396 2748 curimi

165 2762 399 2835 configurationes
416 2764 443 2822 in
463 2781 517 2818 una
535 2764 686 2832 eademque
704 2763 791 2834 stirpe
814 2763 866 2817 sibi
884 2778 950 2818 vere
974 2771 1114 2831 constent,
1138 2779 1226 2832 neque
1249 2764 1336 2835 niagis
1354 2780 1398 2833 ea,

166 2849 238 2903 quae
257 2836 332 2890 circa
350 2835 506 2906 paniculum
524 2835 569 2889 vei
588 2835 709 2905 spicam,
733 2832 887 2904 paniculum
912 2833 1070 2904 elongatam
1093 2833 1139 2890 vel
1156 2833 1268 2888 brevem
1287 2843 1314 2890 et
1333 2834 1397 2889 den·

166 2921 225 2958 sam
243 2913 397 2960 versantur.
425 2904 511 2958 naec
538 2905 609 2958 enim
631 2904 679 2958 vix
705 2903 787 2958 certis
805 2901 906 2957 linibus
925 2905 1103 2958 continentur.
1140 2903 1188 2956 Sic
1205 2921 1232 2960 v.
1252 2922 1275 2958 c.
1295 2923 1310 2959 e
1328 2903 1397 2958 binis
1435 2907 1440 2918 “

165 2975 358 3044 speciminibus
377 2973 657 3049 lepidospermatts
675 2971 794 3028 Staberi
810 2971 929 3040 Kanth.,
954 2989 1024 3043 quae
1049 2971 1177 3027 collectio
1195 2983 1291 3027 nostra
1307 2990 1397 3028 asser·

164 3053 226 3112 vat,
254 3047 299 3099 uni
324 3045 430 3099 culmus
453 3056 495 3097 est
519 3044 646 3112 utrinque
672 3043 699 3096 in
726 3043 816 3100 medio
846 3043 943 3098 obtuse
973 3043 1124 3114 leniterque
1153 3051 1290 3111 costatus,
1318 3041 1397 3098 alteri

165 3114 270 3171 culinus
287 3115 351 3168 binc
370 3114 468 3184 planus
487 3113 550 3168 inde
568 3113 747 3182 nomenoius,
766 3113 889 3184 utrisque
905 3112 1035 3184 panicula
1051 3111 1144 3168 brevis
1162 3122 1190 3166 et
1204 3113 1299 3181 densa,
1318 3129 1398 3182 quam

164 3185 192 3240 ln
211 3185 269 3238 suis
288 3183 421 3268 exemplis
439 3183 574 3237 laxiorem
593 3184 675 3236 ramis
687 3182 868 3268 ,inferioribus
886 3183 996 3238 remotis
1013 3183 1081 3238 vidit
1100 3181 1134 3236 cl.
1146 3182 1299 3246 Kuutbius3
1316 3182 1398 3308 igitur

165 3255 282 3310 aiterum
301 3270 438 3333 specimen
457 3262 569 3308 nostrae
587 3251 757 3308 collectionis
776 3253 1042 3338 Lepidospermott
1057 3251 1271 3326 longitudine&
1286 3251 1330 3308 La
1350 3253 1397 3324 rii,

164 3324 287 3472 sisti
301 3321 1398 3465 iiiiitritittttiiti‘titiiiiuiifiiisustinuistis:

165 3475 226 3520 ctus
245 3464 325 3520 setuii
346 3481 410 3520 erae
428 3481 585 3520 communes
603 3467 693 3535 sunt),
717 3465 841 3536 spiculae
859 3465 979 3534 squamis
997 3461 1014 3515 5
1031 3464 1175 3518 latioribus
1193 3482 1308 3520 amoene
1326 3465 1398 3520 ruic-

327 3483 588 3604 brevimucronatis,
605 3533 623 3587 o
642 3545 669 3591 et
686 3533 702 3588 l
721 3535 807 3590 multo
826 3534 985 3605 minoribus,
1003 3533 1020 3584 4
1038 3543 1066 3589 et
1083 3533 1099 3588 5
1117 3531 1209 3590 fertili.
1247 3545 1279 3604 a.

165 3536 313 3604 mentibus

164 3658 197 3723 9.
250 3655 627 3742 nepiuosperma
648 3657 956 3744 squamatum
984 3657 1101 3720 Lobili.
1127 3655 1286 3741 panicula
1307 3678 1396 3724 com-
1440 3658 1443 3666 '

247 3743 359 3828 posita
381 3751 414 3808 et
436 3741 664 3890 decomposita
686 3740 820 3828 oblique
842 3742 938 3809 brevi
966 3741 1117 3808 conserta
1143 3743 1247 3807 ramis
1273 3743 1397 3828 patulis

249 3823 485 3893 confertilloris
515 3849 555 3892 cu
571 3849 622 3894 mo
651 3826 806 3913 foliisque
835 3827 1035 3912 ancipitibus
1060 3826 1288 3912 conformibus
1310 3851 1397 3896 mau-

250 3913 327 3997 gina
354 3912 508 3979 laevibus
535 3913 569 3976 in
596 3914 703 3980 medio
730 3914 882 3999 utrinque
910 3913 1073 3981 convexis
1107 3913 1181 3980 basi
1209 3914 1396 4000 glutinosis,

248 3999 413 4084 perigynii
433 3999 583 4084 squamis
602 3999 763 4066 brevibus
781 3998 1030 4068 obtusiusculis.

252 4101 549 4270 lssbppidoppelpmp
571 4111 774 4186 squamatum
794 4102 915 4168 Labill.
937 4103 1023 4169 Nov.
1046 4100 1135 4168 Holi.
1156 4101 1179 4166 l.
1201 4123 1278 4188 pag.
1303 4103 1352 4169 17.
1375 4112 1395 4167 t

294 4235 301 4250 .
338 4205 402 4252 nec
457 4233 465 4249 .
496 4209 522 4252 r.

235 4289 262 4338 ln
281 4289 351 4338 clivis
370 4293 481 4340 arenosis
498 4293 563 4340 baud
582 4295 717 4356 proculab
735 4295 918 4344 ora'maritinra
941 4295 1068 4344 districtus
1086 4293 1176 4352 Periit,
1200 4295 1254 4343 iura
1275 4306 1298 4340 a.
1318 4288 1395 4339 1840.

162 4360 240 4411 Herb.
258 4356 351 4410 Preiss.
364 4362 412 4410 No.
432 4363 511 4411 1785.
546 4364 573 4412 in
592 4367 704 4415 arenosis
721 4367 806 4428 sylvae
824 4379 901 4429 prope
919 4366 997 4414 lacum
1014 4365 1187 4414 Kal-er-mu-in
1207 4363 1244 4410 vei
1262 4360 1396 4422 bionger's-

164 4432 232 4488 inire,
258 4432 347 4488 Pertb,
372 4433 430 4480 Oct.
456 4446 479 4482 a
505 4434 583 4484 laus.
610 4436 659 4484 No.
689 4435 766 4486 1004.
794 4436 863 4484 etin
887 4436 1006 4485 calcareis
1022 4436 1088 4485 inter
1105 4435 1206 4483 frutices
1225 4431 1314 4478 densos
1332 4426 1396 4476 baud

164 4502 248 4564 procui
267 4503 298 4551 ab
316 4500 432 4565 oppidulo
452 4502 619 4562 Freemaniie‚
638 4508 697 4556 Dec.
716 4519 740 4553 s.
761 4505 837 4554 1838.
856 4505 948 4566 (idem)
966 4509 1031 4553 statu
1045 4503 1159 4565 iuuenili.
