3080 4880
605 215 693 230 -..
754 168 831 244 aaa
864 213 975 264 x...-

181 363 210 430 7.
264 357 503 447 ltnltngta
523 357 785 446 parvttlora
806 359 988 422 antarta.
1030 321 1033 327 ¹

267 479 308 544 R.
335 477 426 543 soliis
456 478 674 562 inaequaliter
695 477 962 544 inciso-arenatis
985 475 1113 542 obtusis
1134 494 1238 559 snpra
1259 472 1407 559 glabriu·

62 578 72 597 ·
180 565 285 632 saulis
306 565 423 629 subtus
445 565 701 629 canescentibus
722 562 873 641 hirsutis,
895 561 1109 629 inferioribus
1129 559 1197 628 late
1219 560 1330 627 ovatis
1349 559 1407 624 tri·

180 652 284 728 lobia,
307 649 535 733 superioribus
557 647 886 733 eborata-oblongis
909 646 1092 733 petalorum
1114 645 1218 731 ligula
1240 645 1407 730 angustis·

180 739 265 802 sima
287 733 630 836 nninervincalycem
654 735 894 836 subaequante,
917 732 1078 818 capsulae
1094 733 1177 798 setis
1198 731 1408 797 brevissimis

181 819 416 907 glabriuscnlrs
438 820 506 903 pilo
529 819 661 886 stellato
682 829 874 885 terminatis.

309 925 462 1005 Ralitrgia
471 924 648 1004 paraiflora
668 920 859 987 Endlicher!
882 921 914 984 in
931 920 1043 984 Enum.
1060 919 1160 1004 plant.
1176 918 1282 1003 Hiigel
1305 938 1338 1001 p.
1355 919 1408 984 la.
1512 987 1520 1012 .

266 1007 462 1175 Nqoeusslgtff
485 1095 660 1173 corylisolia
682 1089 836 1156 Steudel!
859 1089 892 1153 in
915 1088 1028 1154 Lehm.
1051 1088 1158 1154 Plant.
1173 1087 1298 1157 Preiss.
1321 1089 1359 1153 T.
1379 1091 1406 1153 l.

265 1201 297 1263 p.
320 1178 392 1244 237.
416 1177 478 1241 No.
503 1178 531 1242 1.
554 1183 634 1259 (non
658 1175 831 1255 Graham).
1251 1182 1255 1188 '

309 1263 550 1345 Lusiopetalam
569 1263 737 1324 dumosam
752 1272 785 1326 et
801 1265 1012 1352 prostratam]
1041 1293 1225 1361 Hortum,

313 1349 483 1411 Thomasia
505 1348 640 1411 dumosa
661 1357 693 1412 et
709 1355 879 1430 prostrata
1005 1353 1012 1427 l
1214 1342 1221 1358 '

250 1454 313 1504 Hah.
332 1455 355 1501 in
375 1445 462 1500 Novae
479 1452 625 1500 Hellandiae
644 1465 688 1500 ora
705 1451 983 1509 australi-occidentali,
1002 1451 1034 1499 ad
1052 1454 1130 1501 sinum
1147 1453 1213 1514 regia
1231 1453 1333 1516 Georgii
1352 1453 1406 1510 111,

180 1522 273 1586 lldgel!
310 1525 336 1572 in
362 1523 514 1586 repertribus
532 1523 677 1571 summitatis
696 1523 779 1572 eliruli
796 1522 829 1569 ad
847 1523 961 1571 Princess
979 1523 1058 1584 Rayal
1076 1523 1203 1581 Harbour,
1227 1524 1251 1570 d.
1271 1519 1313 1574 30.
1333 1526 1406 1587 Sept.

184 1593 257 1647 tsttt,
277 1595 372 1644 Preiss!
408 1591 498 1660 (Herb.
516 1594 608 1642 Ptelea.
627 1594 677 1642 Nu.
698 1588 792 1657 liiblll)
812 1607 835 1642 v.
848 1609 868 1643 a.

250 1677 419 1749 Comparate
451 1676 600 1749 specimine
626 1675 784 1732 authentico
812 1676 966 1749 Hilgeliano
995 1694 1056 1732 cum
1079 1677 1202 1749 plurimis
1228 1678 1406 1749 Preisslanis,

180 1751 244 1818 quin
270 1759 386 1819 utraque
410 1748 504 1818 planta
527 1747 564 1802 ad
588 1765 668 1802 unam
691 1749 859 1818 eandemque
884 1766 898 1802 s
920 1748 1005 1803 eciem
1032 1749 1183 1820 pertineat,
1207 1766 1263 1806 non
1287 1751 1405 1822 amplius

180 1820 285 1877 dubito.
326 1819 471 1891 Specimen
505 1817 704 1890 Hilgeliauum,
736 1837 754 1873 a
788 1819 822 1874 cl.
849 1767 1018 1874 Endlichero
1046 1819 1227 1890 descriptum,
1258 1821 1406 1876 admodum

179 1907 310 1958 macrum,
328 1891 354 1943 in
373 1889 436 1942 loco
454 1888 548 1956 sterili,
568 1897 598 1943 ut
616 1889 724 1959 opinor,
742 1896 845 1954 natum,
856 1890 941 1960 foliis
958 1889 1154 1961 infertoribus
1171 1891 1278 1946 trilobis
1295 1893 1406 1948 omnino

180 1969 272 2025 caret3
295 1960 444 2030 specimina
461 1976 529 2014 veru
543 1959 703 2014 Preissiana
714 1958 816 2028 valida,
834 1960 861 2014 in
880 1961 942 2015 solo
961 1959 1127 2025 fertilissimo
1145 1971 1211 2017 nata
1229 1970 1257 2018 et
1274 1962 1346 2017 laete
1364 1965 1405 2019 vi·

180 2033 272 2104 guisse
283 2031 419 2086 videntur.
439 2029 596 2085 Foliorum
609 2035 801 2102 superiorum
814 2038 841 2086 et
849 2029 1032 2100 juvenilium
1043 2031 1132 2086 torma
1143 2033 1170 2087 in
1183 2044 1298 2103 utraque
1311 2033 1407 2110 planta
1517 2081 1520 2094 .

181 2102 287 2156 eadem.
324 2100 427 2156 Floras
445 2117 500 2154 non
517 2100 590 2155 linea
608 2103 678 2154 inter
696 2119 726 2157 se
746 2099 880 2156 differunt.

251 2172 333 2227 'leste
352 2170 385 2226 cl.
404 2170 528 2225 Preissio
548 2180 589 2225 est
612 2169 718 2240 frutex,
742 2177 838 2228 ramis
856 2171 999 2239 secundis,
1042 2175 1177 2228 rostratis.
1215 2173 1303 2229 Folia
1320 2191 1407 2244 supra

179 2242 295 2311 viridia,
313 2242 473 2311 plerumque
491 2257 589 2296 versus
607 2243 754 2312 marginem
793 2242 837 2296 ilis
854 2243 939 2310 raris,
958 2189 1136 2314 simplicibus,
1154 2245 1214 2300 sire
1231 2243 1407 2299 aureatam

181 2331 247 2368 cons
257 2330 346 2379 tersa,
365 2323 502 2367 caeterum
522 2312 717 2382 glabriuscula,
739 2261 835 2368 subtus
853 2312 1010 2386 pallidiora,
1028 2316 1212 2383 canescentia,
1231 2314 1293 2386 pilis
1311 2315 1408 2371 stella·

180 2385 215 2440 tis
243 2333 327 2440 dense
355 2383 473 2449 hirsuta,
499 2382 650 2454 infertora
667 2384 723 2437 late
742 2393 840 2452 ovata,
868 2384 950 2438 valde
969 2384 1082 2451 obtusa,
1110 2385 1222 2454 triloba‚
1241 2390 1280 2439 'sa
1304 2390 1410 2441 ertara

181 2454 454 2523 eborata-oblonga,
471 2453 592 2523 integra,
612 2461 734 2519 crenata,
752 2452 823 2509 labis
838 2456 931 2508 'crenis
952 2471 985 2509 ue
1004 2456 1122 2508 omnium
1139 2454 1274 2522 inaequali
1296 2471 1335 2520 us,
1355 2456 1409 2509 ub·

180 2526 263 2592 tusis,
288 2523 472 2592 magnitudine
490 2523 582 2586 varia;
605 2522 661 2577 vidi
680 2523 706 2575 in
725 2523 918 2592 speciminibus
962 2524 1099 2577 reissiauis
1116 2524 1195 2594 fulta
1212 2523 1229 2571 'l
1245 2523 1291 2576 lin.
1310 2523 1356 2578 lon
1379 2543 1408 2593 a,

179 2594 278 2647 lineam
296 2593 362 2659 lata,
381 2601 408 2644 et
426 2592 481 2645 alia
500 2591 626 2662 pollicem
646 2592 822 2660 excedentia,
837 2591 855 2643 8
872 2594 918 2647 lin.
930 2593 997 2648 lata.
1030 2591 1139 2662 Cymaa
1179 2593 1320 2648 eduncalt
1336 2541 1407 2650 lolio

180 2664 309 2734 opposito
333 2662 418 2715 multo
440 2660 592 2716 breviores.
629 2658 740 2716 Patala
762 2662 885 2732 calycem
908 2661 1121 2730 subsequentia,
1159 2663 1321 2736 nliqalam
1340 2681 1406 2734 pro·

179 2735 264 2789 dueta
281 2741 343 2786 suut
362 2732 544 2794 uniuerviam,
563 2730 779 2804 angustissimam
799 2732 924 2800 quidem,
942 2732 991 2785 sed
1009 2749 1115 2786 summo
1133 2733 1212 2804 apice
1231 2744 1261 2788 ut
1278 2735 1305 2788 iu
1316 2751 1406 2858 prae·
1511 2729 1518 2806 ,'

180 2804 339 2860 cedentibus
370 2802 602 2869 obtusiusculam,
635 2801 740 2856 etiamsi
773 2802 855 2856 oculo
888 2819 942 2856 nun
969 2813 1074 2856 armato
1102 2804 1259 2858 acutissima
1285 2804 1313 2860 vi

173 2875 313 2949 Capraria
336 2872 393 2928 sere
417 2880 525 2926 matura
548 2871 619 2926 llere
644 2872 783 2926 emarcido
806 2874 969 2946 persistente
993 2875 1111 2943 stipata,
1141 2891 1245 2944 parra,
1269 2875 1405 2930 diametro

178 2944 318 3014 llineari,
335 2949 405 2999 satta
423 2943 539 3012 crassis,
563 2942 671 3016 rigidis,
690 2943 805 3012 obtusis,
823 2944 1000 3012 brevissimis,
1018 2943 1120 3015 glabris
1138 2945 1188 2998 sed
1227 2945 1264 2998 ilo
1283 2946 1406 3016 stellato,

179 3017 272 3070 albido
291 3015 440 3069 terminatis
459 3014 577 3083 undique
590 3013 717 3068 echinata
729 3014 788 3068 sive
807 3014 898 3100 potius
913 3014 1097 3081 tuberculata,
1115 2964 1285 3084 blacularis,
1305 3035 1405 3089 capsu-

1335 2813 1405 2861 etur.
1516 2807 1517 2812 ’

178 3088 223 3140 lae
242 3083 406 3156 Raltnptae
425 3083 638 3157 odlouptfaltae
656 3083 710 3138 hau
749 3084 898 3139 dissimilis.
928 3084 1010 3155 squ
1025 3083 1050 3152 5,
1070 3084 1176 3140 demum
1195 3086 1324 3154 distincti,
1342 3105 1406 3159 per·
1516 3097 1517 3120 ¹

178 3158 323 3223 sistentes,
351 3155 469 3220 setacei‚
497 3156 576 3226 apice
600 3155 683 3208 valde
711 3164 740 3208 at
753 3156 859 3224 ennati,
888 3155 955 3209 setis
983 3155 1114 3226 capsulae
1143 3157 1228 3228 duplo
1255 3158 1405 3228 longiores.

180 3227 304 3282 Semina
329 3225 512 3291 (strbmatura)
536 3225 563 3278 in
583 3226 680 3293 quovis
698 3225 792 3279 loculo
811 3225 842 3295 ⁸2,
867 3225 1054 3291 collateralia,
1079 3235 1187 3295 erecta,
1211 3229 1406 3300 nigrescentia,

177 3296 342 3371 strophiolo
361 3295 487 3362 basilari,
506 3295 669 3370 straminea,
688 3295 840 3364 inaequali,
860 3295 922 3350 binc
942 3297 1091 3367 producto,
1109 3298 1267 3370 subintegro
1287 3307 1376 3354 aucta.

253 3365 319 3422 ote.
356 3364 462 3419 Colitur
480 3364 506 3418 in
525 3365 626 3418 nostris
645 3363 792 3436 frigidariis
814 3365 976 3440 Raltnptae
993 3368 1109 3438 species,
1129 3385 1199 3439 quae
1217 3369 1292 3437 apud
1310 3369 1407 3424 hortu-

143 3473 152 3492 .
178 3439 259 3492 lunas
286 3444 415 3492 versatur
441 3434 492 3488 salt
518 3435 690 3490 nominibus:
716 3434 905 3511 Laelapetalt
930 3438 1050 3494 damnat
1075 3446 1102 3493 et
1124 3445 1293 3513 prostratt,
1321 3449 1407 3510 atque

182 3507 360 3576 Tbemastae
384 3506 526 3560 dumosae
550 3512 577 3558 et
600 3513 790 3578 prostratae,
816 3515 844 3561 et
867 3523 947 3578 quam
973 3525 1032 3562 cum
1058 3509 1135 3578 signo
1155 3511 1331 3565 dubitationis
1351 3511 1407 3565 buc
1515 3509 1516 3532 ¹

179 3578 268 3633 retuli.
282 3609 314 3616 -
335 3577 432 3632 Utrum
452 3576 487 3629 sit
504 3577 612 3647 species
632 3576 751 3644 diversa,
770 3594 805 3631 an
824 3578 886 3632 sola
899 3579 1022 3633 varietas
1038 3578 1406 3654 Raltnptaeparatflorae,
1514 3579 1516 3619 ἕ

179 3650 287 3703 cultura
306 3655 419 3713 mutata,
438 3654 514 3699 certo
533 3646 623 3700 adbuc
643 3646 793 3717 dijudicate
811 3665 866 3704 non
883 3649 983 3718 audeo,
1003 3649 1053 3703 sed
1066 3649 1302 3706 observationibus
1315 3653 1407 3706 serius

177 3718 350 3774 instituendis
373 3716 514 3786 relinquo,
537 3717 560 3770 si
584 3716 666 3771 modo
692 3719 850 3790 contigerit,
875 3721 957 3774 etiarn
977 3719 1156 3793 Rultapiam
1166 3723 1370 3796 paratfloram
1390 3740 1407 3777 e

178 3788 325 3844 seminibus
349 3788 476 3841 educere.
514 3785 612 3840 Planta
630 3787 703 3840 culta
722 3807 738 3841 a
756 3797 909 3859 spontanea
927 3789 1031 3845 differt:
1047 3791 1147 3861 fultis,
1173 3802 1200 3848 et
1219 3809 1312 3847 eorum
1332 3792 1409 3849 lodis

177 3866 328 3929 creataque
347 3857 524 3925 acutioribus,
544 3873 628 3926 quare
648 3859 739 3927 potius
757 3859 964 3915 inciso-serrata
982 3861 1035 3916 dici
1054 3870 1177 3931 possunt,
1197 3865 1408 3934 supraomnino

177 3931 365 4002 glaberrimis,
385 3928 481 3988 subtus
499 3935 621 3996 tomento
638 3928 780 3996 breviore,
800 3931 941 3999 densiore,
960 3929 1018 3985 lere
1037 3932 1135 3986 incana
1153 3933 1276 4003 vestitis,
1294 3933 1410 4005 culpate

176 4004 335 4075 segmenta
366 3998 460 4122 paullo
492 3997 678 4051 obtusioribus
704 4010 730 4052 et
749 4001 925 4072 patalarum
952 4001 1047 4092 ligula
1070 4002 1226 4069 obtusiore,
1239 4005 1353 4078 ,latiore
1378 4013 1409 4060 ct

176 4072 319 4138 breviore,
338 4086 462 4140 cayoem
479 4068 599 4122 nonnisi
618 4067 756 4122 dimidium
774 4078 918 4141 aequante.
958 4071 1088 4145 (aptata
1106 4074 1215 4129 omnino
1233 4092 1288 4130 non
1306 4073 1408 4131 differt.

174 4194 204 4270 8.
259 4198 502 4288 Rullngia
521 4197 838 4271 malvaefolia
864 4201 982 4265 scaea.

261 4319 301 4387 R.
335 4318 424 4388 soliis
456 4319 524 4386 late
559 4319 668 4386 ovatis
697 4319 857 4386 {tt-tobis
892 4321 1113 4407 inaequaliter
1147 4325 1294 4392 arcuatis
1325 4343 1409 4396 aeu-

175 4408 325 4474 tiusculis
347 4427 450 4492 snpra
472 4425 591 4492 sparse
613 4404 732 4491 pilosis
755 4408 871 4474 subtus
893 4407 1037 4478 molliter
1057 4409 1209 4490 hirsutis,
1238 4408 1413 4480 inferiori-
