3102 4882
588 217 977 322 *¹⁵1*-

166 386 197 452 6.
251 386 487 494 (lanionia
509 395 816 498 cylindrum
841 405 940 470 Sond.
954 407 1099 496 ‚surcnlo
1121 381 1261 492 repente
1283 412 1395 490 debili,

251 471 425 544 frondibus
448 494 569 547 erectus
592 487 877 572 subsimplicibns‚
900 493 1056 558 ramentis
1079 495 1281 562 vesiculosis
1304 499 1395 562 uueli-

251 563 628 718 qnetilaxesimpripatis
657 571 881 658 cylindraceis
911 577 1131 644 obtusissimis
1153 579 1227 645 basi
1249 583 1394 649 subatte·

251 667 317 713 nna
342 671 368 720 s,
441 673 483 717 on
509 707 515 720 .
552 700 559 718 .
583 676 613 722 c.
868 699 870 704 v

236 753 274 800 Ad
292 753 350 802 litas
368 756 455 805 Novae
473 757 620 810 Hollandiae
637 763 800 814 occidentale.
829 767 905 816 Herb.
925 769 1018 818 Preisr.
1044 768 1093 817 No.
1110 769 1189 820 2486.

213 907 221 920 ·
238 835 364 893 Surculi
379 839 461 912 longe
479 853 622 916 repentes,
640 845 775 919 fistulosi‚
793 849 1009 918 membranacei,
1028 851 1142 921 vlrides,
1163 851 1268 909 interne
1286 857 1394 912 radices

166 905 288 976 albrdas‚
308 910 634 980 capillaceo-librillosas
653 935 758 988 gerens.
797 919 932 976 Frondea
949 923 1049 990 erecti,
1071 920 1126 972 bl·
1148 925 1293 994 olllcares,
1303 927 1394 1000 jupa-

167 985 266 1032 mento
285 981 378 1062 tereti,
402 980 537 1053 triformi,
561 988 698 1060 simplici,
717 991 744 1044 ln
769 1007 823 1044 nno
847 993 996 1063 specimine
1021 993 1101 1063 apice
1125 941 1227 1063 itudo,
1250 1003 1395 1052 ramentis

165 1046 329 1118 suberecta,
349 1051 523 1122 laxiusculis‚
541 1058 720 1130 vesicnlosis,
740 1060 937 1132 cylindraceis‚
962 1064 1041 1134 apice
1061 1064 1181 1132 obtusis,
1200 1066 1277 1120 basin
1298 1084 1395 1122 versus

165 1117 383 1190 subaugustatis,
410 1120 649 1200 1½1ia.longtr‚
674 1127 829 1186 nitentibus.
869 1131 956 1188 Color
974 1133 1077 1190 viridis.
1115 1133 1293 1192 Substantia
1311 1139 1395 1192 totius

164 1187 276 1258 plantae
294 1191 510 1250 membranacea.
627 1197 636 1206 ’
913 1234 916 1240 ·

239 1259 405 1334 Gaalerpae
422 1263 647 1326 Lamoaroaatt
668 1269 752 1328 Grev.
777 1271 957 1345 (claotscrac
972 1277 1003 1342 tl,
1027 1272 1251 1332 Lamcarcantt
1267 1275 1396 1352 Agardlr)

164 1327 281 1456 3ξὶἰὲιὲΞὲ
293 1333 342 1386 sed
360 1332 457 1397 fronde
475 1337 560 1393 multo
579 1340 700 1410 minore,
723 1343 908 1416 ramentisqne
927 1342 1108 1416 cylindraceis
1126 1362 1181 1402 non
1199 1345 1395 1418 pyrilormibus

163 1601 464 1696 STRUVEA
494 1594 632 1728 Spond.
662 1614 708 1698 in
739 1615 878 1702 Motu
897 1629 942 1706 et
965 1619 1275 1708 Scldechtend.
1301 1623 1393 1710 bot.

533 1747 694 1866 Zeitg.
733 1755 858 1844 1845.
888 1780 941 1840 11.v
963 1758 1005 1844 4.

171 1979 178 1985 ,
248 1907 356 1974 Frons
388 1922 521 1991 erecta,
563 1915 736 1995 tabulam,
773 1919 1231 2000 membranaceo-conarer,
1267 1921 1393 2005 pallide

162 1992 294 2071 viridis,
322 1995 499 2062 annulatim
529 2002 726 2080 constricta,
754 2003 845 2068 initio
875 2003 1017 2090 simplex
1043 2006 1142 2089 apice
1164 2007 1300 2086 obtusa,
1322 2019 1392 2074 tan·

97 2165 98 2172 ¹
164 2081 239 2142 dem
261 2088 441 2158 attenuata,
464 2104 507 2146 ex
529 2084 677 2150 articulis
697 2088 927 2170 superioribus
949 2111 1062 2155 ramos
1085 2089 1237 2156 emittens
1259 2094 1392 2170 breves,

163 2162 369 2314 calculatos,
390 2165 532 2236 disticbe
553 2169 756 2255 bipinnatos,
779 2173 1084 2258 circumscriptione
1102 2177 1392 2262 subpyramidatos

164 2272 183 2314 o
223 2269 383 2332 ougosve.
672 2278 678 2289 .

162 2433 170 2450 ·
203 2405 225 2498 ,t
247 2346 337 2496 Altga
363 2349 491 2416 marina
517 2350 789 2435 Australasiaca,
820 2354 988 2420 radicibus
1016 2354 1196 2438 flexuosis,
1229 2357 1392 2426 tubulosis

160 2453 212 2498 ms
225 2453 285 2499 rac
323 2485 329 2501 .
1205 2483 1210 2490 .
1410 2451 1418 2468 ·

246 2533 376 2596 Nomen
412 2531 490 2598 dedi
521 2534 554 2598 in
586 2534 746 2601 honorem
778 2536 847 2602 Viri
878 2537 1093 2605 illustrissimi
1120 2542 1165 2604 Η.
1193 2544 1234 2605 de
1264 2543 1391 2618 strove,

161 2617 354 2698 imperatori
381 2615 527 2685 Rossico
555 2639 577 2684 a
603 2621 753 2686 consiliis
782 2623 902 2688 intimis
929 2625 1070 2711 ejusque
1091 2627 1280 2694 internuntii
1302 2631 1391 2712 apud

114 2780 124 2788 ⁶
162 2702 316 2766 civitates
348 2701 474 2768 liberas
506 2703 748 2785 Hanseaticas‚
766 2771 767 2778 ,
782 2709 824 2774 de
858 2712 1013 2794 augenda
1047 2711 1158 2778 rerum
1193 2713 1389 2779 naturalium

162 2787 350 2873 cognitione
372 2789 404 2852 in
426 2791 508 2855 urbe
530 2803 646 2856 nostra
667 2793 878 2866 meritissimi.

164 2919 192 2987 l.
245 2915 456 2992 Struvea
476 2922 699 3008 plumoso
725 2923 821 2988 sona.
843 2925 863 2992 l.
888 2946 917 2990 o.

230 3026 266 3075 Ad
282 3028 399 3090 scopulos
423 3029 562 3077 submersos
584 3043 643 3076 orae
667 3029 827 3079 occidentalis
852 3031 946 3080 insulae
965 3031 1179 3082 (iarden-laland.
1217 3034 1240 3086 d.
1265 3033 1306 3086 10.
1325 3035 1389 3085 Nor.

161 3097 236 3149 1638.
272 3099 350 3145 Herb.
368 3099 459 3148 Preiss.
477 3099 527 3146 No.
545 3098 625 3146 2486.

231 3180 368 3234 Frondcs
384 3181 478 3252 plures
496 3180 585 3252 ΜΟ,
611 3184 759 3254 caespitem
778 3183 890 3237 densum
909 3181 1073 3252 formantes,
1101 3183 1241 3239 radicibus
1265 3185 1389 3240 tenuissi-

113 3287 120 3293 -
161 3253 225 3319 mis,
250 3253 397 3322 intricatis,
421 3270 470 3309 sco
491 3253 543 3307 ulis
567 3253 726 3308 adbaerent.
743 3309 745 3312 ,
764 3255 894 3310 Radices
918 3263 980 3309 sunt
1002 3255 1163 3323 tubulosac,
1187 3255 1388 3324 inarticulatae,

161 3337 293 3390 corneae,
312 3323 441 3393 nitentes,
460 3272 619 3393 istnlosam
638 3323 806 3396 pellucidae,
825 3341 874 3378 nec
893 3325 1007 3380 materia
1025 3325 1107 3380 viridi
1126 3327 1262 3396 repletae,
1281 3325 1387 3380 fiexuo-

160 3411 218 3460 sae,
237 3393 398 3463 plerumque
418 3395 570 3465 elongatae,
589 3396 724 3450 indivisae
743 3396 787 3450 vel
806 3395 1041 3450 subdichotomae.
1079 3394 1176 3450 Frons
1195 3405 1297 3464 erecta,
1315 3399 1386 3450 cori-

149 3481 236 3532 acea,
256 3464 393 3533 tubulosa,
412 3474 504 3520 aetate
517 3466 630 3536 juniore
639 3466 743 3536 viridis,
762 3465 937 3540 spathulata,
950 3467 1056 3540 seriore
1071 3467 1134 3520 elon
1153 3477 1207 3530 ata,
1226 3468 1287 3522 basi
1293 3468 1386 3545 apice·

159 3550 212 3602 que
238 3539 396 3606 angustata,
424 3536 469 3590 bi·
494 3537 540 3590 vel
561 3537 760 3608 tripollicaris,
787 3535 906 3608 pallida,
932 3533 1058 3608 hyalino,
1087 3485 1200 3591 nitiiula
1225 3537 1271 3592 vel
1295 3545 1388 3592 crusta

160 3606 287 3660 calcanea
309 3606 448 3661 levissima
471 3605 608 3674 obducta,
631 3608 780 3661 annulatim
803 3607 966 3673 constricta,
990 3607 1018 3658 in
1041 3607 1131 3660 media
1155 3617 1234 3678 parte
1253 3609 1386 3662 diametro

151 3677 351 3744 ¹sesquilineam
379 3676 530 3745 efficiente,
554 3678 708 3746 ibidemque
733 3676 838 3731 annulis
862 3677 907 3731 vel
930 3676 1010 3730 nullis
1032 3677 1077 3731 vel
1102 3678 1234 3731 obsoletis
1253 3679 1386 3749 praedita.

159 3749 238 3815 Apex
258 3754 402 3823 elongatus
420 3758 500 3822 parte
517 3748 622 3802 frondis
640 3748 760 3802 inferiori
775 3746 883 3816 quidem
901 3746 1051 3802 simillimus
1071 3756 1122 3815 est,
1141 3756 1279 3801 structura
1297 3757 1386 3804 tamen

159 3821 214 3874 alia
233 3822 342 3892 gaudet.
379 3821 453 3877 Nam
472 3821 578 3888 annuli,
603 3820 649 3888 qui
667 3819 723 3872 illic
742 3818 803 3874 cavi
822 3825 898 3884 sunt,
924 3825 953 3870 ut
975 3815 1051 3871 frons
1076 3819 1136 3888 ipsa
1161 3818 1254 3872 tubum
1273 3819 1385 3886 efficiat,

159 3890 202 3944 hic
220 3893 383 3947 membranis
402 3893 566 3947 tenuissimis
583 3890 654 3944 alius
673 3890 707 3943 ab
727 3887 782 3942 alio
800 3887 931 3958 separati,
949 3887 1056 3940 loculos
1075 3887 1206 3956 efficiunt,
1225 3907 1259 3943 er
1271 3907 1386 3958 quorum

110 3983 111 3986 ¹
160 3962 290 4030 articulis,
308 3972 338 4017 ut
356 3964 383 4017 in
406 3963 562 4035 Canlerpts
580 3969 607 4016 et
631 3958 818 4025 Vaaclrrrttc,
844 3966 935 4012 aetate
953 3959 1128 4028 provectiore
1147 3959 1244 4012 ramuli
1262 3962 1385 4016 emittun-

159 4039 203 4084 tur
222 4032 324 4100 minuti,
342 4033 459 4100 distichi,
476 4031 684 4086 horizontaliter
701 4037 837 4101 patentes
856 4027 1093 4098 lineari-subulci,
1111 4029 1246 4098 tubulosi,
1264 4031 1385 4102 granulis

159 4102 352 4171 minutissimis,
369 4103 502 4160 viridibus
519 4101 608 4158 iarcti.
646 4101 700 4160 (lui
719 4099 830 4166 ramuli,
875 4108 1001 4169 astquam
1025 4099 1060 4152 ad
1084 4099 1279 4172 longitudinem
1296 4101 1385 4154 lineae

158 4172 238 4226 unius
257 4172 412 4242 prolongati
430 4183 507 4244 sunt,
528 4173 644 4228 materia
666 4173 772 4226 interna
794 4117 872 4223 virui

167 4249 257 4296 ›ostea
283 4243 417 4296 ramulum
444 4245 470 4298 in
497 4253 539 4298 tot
567 4243 698 4298 articulos
726 4240 858 4308 (loculos)
887 4250 954 4312 qarot
980 4239 1089 4295 luerunt
1120 4241 1224 4312 globuli
1251 4239 1382 4294 dividunt.

186 4313 284 4382 enique
301 4313 399 4366 ramuli
418 4330 452 4366 ex
476 4313 607 4386 geniculis
631 4329 720 4368 novos
741 4311 871 4365 rantellos
897 4309 1044 4379 disticbos,
1068 4307 1382 4380 prioribusconlormes

157 4385 296 4452 emittunt,
319 4385 365 4456 qui
384 4401 444 4438 cnm
462 4385 582 4440 ramellis
600 4400 737 4440 ramorum
755 4383 946 4454 oppositorum
971 4388 1195 4444 concrescentes,
1223 4394 1309 4448 porro
1327 4392 1383 4459 non

155 4453 321 4518 dividuntur.
357 4453 438 4510 Rami
460 4453 603 4510 inferiores
627 4463 654 4510 et
678 4453 835 4524 superiores
860 4452 887 4505 ln
910 4449 1102 4522 speciminibus
1124 4446 1246 4520 perfecte
1264 4445 1380 4500 evolutis

867 4171 936 4230 isin
953 4167 1080 4240 globulos
1105 4172 1223 4242 majores
1243 4172 1315 4238 coit,
1339 4171 1384 4239 qui
1467 4171 1472 4178 ”
